1982 3007
990 131 1056 181 '12

246 278 288 319 in
319 276 424 318 diem
455 274 584 331 magis
614 279 781 331 naturae
810 274 1116 330 tragoediarum
1144 274 1326 330 Euripidi
1355 275 1632 328 convenirent,
1670 275 1794 319 Euri-

242 347 359 402 pides
389 345 557 395 nonita
587 343 714 390 multo
740 349 833 400 post
871 349 1086 400 tantopere
1126 345 1375 401 praevaluit,
1405 350 1449 388 ut
1486 351 1636 401 poetae
1665 358 1794 389 novae

244 416 497 470 comoediae,
527 415 654 472 veluti
682 414 924 468 Menander,
954 415 1157 460 Philemon
1189 429 1278 459 eum
1309 416 1558 471 potissimum
1588 417 1791 461 imitaren-

244 495 310 532 tur
340 494 382 531 et
412 487 590 530 Philemo
621 486 766 530 alicubi
797 485 998 542 quendam
1030 486 1230 530 dicentem
1250 486 1416 539 faceret,
1445 500 1491 530 se
1519 487 1629 530 nullo
1660 487 1795 541 modo,

246 559 475 615 quominus,
504 563 550 601 ut
577 556 815 612 Euripidem
851 556 959 612 apud
999 557 1156 600 inferos
1196 559 1416 614 aspiceret,
1446 558 1522 601 sihi
1561 570 1702 601 manus
1729 559 1795 600 in·-

244 630 417 682 ferrent,
439 641 535 672 esse
558 628 856 683 impediturum,
877 626 1095 670 dummodo
1117 628 1235 671 inferi
1254 630 1437 672 viverent
1455 634 1495 671 et
1514 629 1708 671 sentirent
1721 625 1795 677 ⁶⁵).

246 723 302 730 —
332 700 383 743 Ut
413 700 535 756 igitur
555 711 715 752 omnes,
748 700 816 755 qui
847 699 1040 742 maiorum
1062 699 1240 742 moribus
1271 704 1313 743 et
1337 699 1475 755 pietati
1505 703 1618 741 erant
1637 697 1797 751 addicti,

244 770 427 825 Euripidi
457 771 589 813 minus
618 769 813 812 favebant
834 770 1087 823 maximeque
1119 770 1274 822 comici,
1305 771 1374 824 qui
1404 782 1544 812 omnes
1566 781 1636 812 res
1666 780 1796 811 novas

247 841 396 896 rident,
425 839 662 896 Euripidem
684 839 958 897 exagitabant,
985 840 1044 883 sic
1065 840 1105 893 ii,
1137 839 1203 894 qui
1224 851 1350 882 novas
1375 838 1571 883 sentiendi
1593 844 1634 882 et
1653 836 1798 896 agendi

245 913 364 969 leges
394 912 572 968 amplexi
602 917 714 954 erant
744 917 784 953 et
812 912 861 954 ab
882 912 1133 967 antiquorum
1157 911 1336 954 moribus
1358 917 1401 954 et
1429 912 1625 969 religione
1655 910 1796 966 sophi-

244 988 329 1027 stas
359 982 542 1038 aliosque
571 982 836 1039 philosophos
868 982 1012 1036 secuti,
1044 987 1158 1026 erant
1194 982 1335 1034 alieni,
1363 982 1596 1039 Euripidem
1625 982 1804 1027 maxime·

244 1053 545 1096 admirabantur
585 1058 627 1096 et
665 1053 776 1095 illum
818 1053 967 1095 ceteris
1010 1053 1174 1109 tragicis
1214 1053 1508 1107 praeferebant.
1560 1053 1677 1103 Quod
1708 1065 1798 1095 cum

246 1137 302 1167 ex
331 1124 455 1168 Ranis
485 1123 634 1177 fabula,
664 1124 705 1166 in
735 1135 814 1178 qua
844 1128 967 1178 poeta
996 1123 1227 1179 Euripidem
1258 1129 1456 1180 tamquam
1485 1123 1701 1179 sophistam
1731 1124 1798 1166 in-

248 1193 419 1248 ducens,
450 1193 542 1236 illos
574 1194 642 1249 qui
671 1192 875 1248 Euripidis
917 1194 1151 1248 sapientiam
1191 1194 1460 1247 admirantur,
1489 1194 1640 1237 acerbe
1679 1194 1799 1246 ridet,

243 1288 305 1296 —
334 1264 481 1321 quibus
511 1264 735 1308 hominibus
767 1269 811 1308 ut
849 1263 1161 1319 adversaretur,
1191 1265 1324 1309 Ranas
1355 1265 1525 1309 maxime
1556 1264 1797 1321 conscripsit

245 1359 302 1366 —
332 1341 414 1379 tum
445 1349 470 1379 e
500 1335 683 1378 Nubibus
713 1335 1029 1378 luculentissime
1061 1342 1243 1392 apparet,
1290 1337 1328 1378 in
1360 1350 1436 1391 qua
1467 1337 1600 1380 fabula
1630 1335 1797 1389 Phidip-

245 1407 365 1463 pides
406 1407 560 1451 artibus
609 1406 885 1463 sophistarum
933 1413 1175 1462 corruptus,
1223 1407 1319 1461 quid
1372 1409 1552 1451 iuniores
1596 1408 1796 1462 novisque

245 1479 477 1535 praeceptis
528 1477 863 1534 philosophorum
908 1478 1023 1521 amici
1063 1478 1114 1521 de
1157 1478 1349 1534 Euripide
1400 1478 1598 1532 iudicent,
1637 1477 1810 1520 indicat.·
1875 1496 1877 1498 v

245 1549 502 1605 Strepsiades
544 1549 649 1591 enim
690 1549 731 1591 in
769 1548 912 1599 filium,
943 1549 1012 1603 qui
1043 1549 1233 1604 Aeschyli
1275 1551 1448 1593 carmina
1479 1549 1711 1603 contemnit,
1740 1548 1798 1592 sic

246 1621 448 1665 invehitur
479 1633 518 1665 v.
550 1619 685 1664 1371:

365 1684 483 1747 ὅμως
514 1686 565 1735 δὲ
593 1683 670 1734 τόν
689 1682 845 1746 ,θυμὸν
878 1685 1022 1734 δακών
1051 1687 1173 1750 ἔφην,
1205 1684 1261 1735 σύ
1291 1680 1441 1734 6⁹61.st&
1470 1684 1634 1736 τούτων

366 1759 488 1817 λέξον
516 1776 562 1805 τι
590 1760 675 1805 τῶν
704 1756 936 1819 νεωτέρων,
965 1754 1058 1806 ἅττ’
1089 1757 1184 1806 ἐστὶ
1213 1756 1268 1807 wi
1298 1756 1417 1819 σοφὰ
1446 1759 1611 1814 ταῦτας

364 1827 391 1877 ὁ
420 1824 602 1884 δἐὖθῦς
630 1824 701 1889 ᾗσ’
732 1825 975 1889 Εὐριπίδου
1005 1830 1134 1889 ῥῆσίν
1163 1834 1257 1887 τιν’,
1287 1826 1348 1883 ὦς
1377 1829 1505 1876 ἐκίνει

365 1896 576 1962 ἀδελφὸς,
605 1895 852 1959 ὦλεξίκακε,
882 1897 960 1962 τήν
990 1897 1254 1963 ὁμομητρίαν
1282 1897 1490 1961 οἷόελφήν.

362 1967 485 2031 κᾶγώ
516 1966 658 2018 οὐκέτ’
688 1967 993 2032 ἐξηνεσχόμην,
1022 1968 1117 2018 ἀλλ’
1147 1968 1285 2025 εὐθὺς
1318 1969 1539 2030 ἐξαράττω

363 2043 549 2097 πολλοῖς
578 2045 726 2098 κακοῖς
755 2040 993 2104 καίσχροῖσι
1016 2053 1027 2066 ·
1048 2037 1142 2105 κᾷτ’
1173 2042 1388 2099 ἐντεῦθεν,
1418 2036 1514 2088 οἷον
1544 2038 1671 2098 εἰκός,

362 2113 470 2167 ἔπος
498 2111 610 2175 πρὸς
640 2113 744 2168 ἔπος
772 2110 1056 2173 ἠρειδόμεσθ’
1078 2127 1089 2138 ·
1111 2109 1199 2159 εἷθ’
1231 2108 1360 2167 οὗτος
1391 2113 1668 2173 ἐπαναπηδᾷ,

364 2182 535 2231 κᾶπειτ’
566 2183 680 2242 ἔφλα
709 2202 764 2243 με
786 2179 1003 2232 κάσπόδει
1032 2182 1211 2247 κᾶπνιγε
1244 2180 1516 2245 κᾶπέτριβεν.

368 2257 490 2301 Φειδ.
521 2252 678 2301 οὔκουν
710 2254 902 2312 δικαίως,
933 2252 1054 2309 ὅστις
1084 2252 1161 2301 οὐκ
1193 2252 1432 2315 Εὐριπίδην
1462 2253 1656 2307 ἐπαινεῖς

362 2320 642 2385 σοφώτατονς
668 2329 770 2386 Στρ.
803 2324 1062 2387 σοφώτατόν
1092 2324 1306 2385 γ’ἕκεῖνον,
1336 2319 1372 2370 ὢ
1399 2325 1443 2371 τί
1472 2325 1510 2370 σ’
1542 2325 1680 2381 εἲπω,·

364 2391 459 2443 ἄλλ’
489 2390 628 2450 αὖθις
659 2388 720 2443 αὖ
746 2393 1036 2455 τυπτήσομαι.
1071 2415 1108 2441 κ.
1139 2413 1178 2442 τ.
1210 2395 1247 2442 λζ

250 2470 388 2525 ltaque
418 2482 499 2513 non
529 2469 748 2524 mirabere,
778 2469 888 2525 quod
918 2470 1125 2527 sophistae
1155 2481 1377 2525 omnesque
1397 2468 1624 2524 philosophi
1646 2482 1669 2511 a
1701 2481 1798 2523 par-

245 2541 352 2584 tibus
382 2540 586 2597 Euripidis
616 2541 809 2597 sapientis
851 2546 959 2585 sunt.
1018 2541 1220 2597 Sapientia
1260 2541 1365 2583 enim
1404 2539 1610 2594 Euripidis
1650 2538 1796 2581 factum

242 2617 319 2666 est,
350 2617 393 2654 ut
423 2611 634 2656 Socratem
679 2613 782 2655 inter
828 2617 869 2655 et
910 2612 1017 2655 illum
1047 2623 1200 2654 summa
1239 2609 1515 2659 intercederet
1550 2609 1716 2651 amicitia
1741 2604 1795 2660 ⁶⁶)

315 2775 378 2821 65)
405 2775 459 2815 Cl'.
483 2773 665 2812 Meinekez
690 2774 775 2813 Phil.
801 2781 837 2811 et
861 2775 947 2810 Men.
973 2775 1036 2813 rel.
1060 2785 1093 2820 p.
1126 2774 1201 2812 106.

314 2834 379 2880 66)
404 2834 458 2875 Cr.
481 2835 538 2874 vit.
563 2834 643 2873 Eur.
670 2833 768 2883 Diog.
793 2833 831 2870 L.
861 2832 905 2879 11,
933 2835 987 2871 15.
