1982 3007
969 111 1000 159 2

213 253 339 296 micus
371 253 423 296 de
456 253 582 296 tribus
624 250 807 296 Graecae
847 251 1082 307 tragoediae
1124 252 1371 308 principibus
1414 254 1454 296 in
1494 255 1616 298 Ranis
1656 255 1756 307 tulit,

211 324 379 366 brevem
412 325 723 379 disputationem
744 323 969 376 instituere,
1001 336 1091 366 cum
1123 323 1222 367 haec
1244 325 1491 378 potissimum
1516 326 1644 369 fabula
1675 337 1756 369 non

212 395 343 438 minus
376 407 490 449 quam
522 394 674 447 Nubes,
705 392 838 436 fabula
867 392 933 435 illa
975 393 1254 447 celeberrima,
1296 407 1373 450 qua
1418 400 1540 450 poeta
1579 396 1756 438 comicus

212 466 420 508 Socratem
451 463 781 520 philosophorum
813 464 1032 518 principem
1065 466 1314 520 perstringit,
1345 465 1543 519 effecerit,
1572 471 1617 508 ut
1645 465 1755 509 multi

212 537 288 577 viri
327 535 434 578 docti
474 547 665 590 perquam
707 535 845 589 inique
894 533 946 576 de
1003 535 1275 590 Aristophane
1324 536 1534 579 iudicarint
1585 548 1756 591 eumque

212 606 398 649 omnibus
430 605 659 663 opprobriis
690 605 995 658 cumulaverint,
1026 617 1198 661 quorum
1230 619 1376 663 agmen
1407 607 1556 650 ducunt
1586 608 1622 657 ¹)
1653 608 1757 650 Por-

212 689 366 730 sonus,
406 677 665 730 Wielandus,
701 676 940 730 Jacobsius,
973 677 1276 730 Valckenarius,
1308 678 1554 736 Hartungus.
1582 713 1584 717 .
1612 679 1756 735 Neque

211 744 343 790 'tamen
375 748 561 791 iudicium
588 741 692 791 ‘illud
722 753 836 791 recte
866 747 1127 804 intellegitur,
1157 747 1248 801 nisi,
1280 742 1485 804 quomodo
1515 735 1684 793 ualui-ae
1714 755 1756 794 ct

210 817 353 861 rationi
386 817 619 860 comoediae
660 817 913 871 maximeque
954 817 1004 859 ab
1047 806 1319 871 Aristophane
1354 810 1481 873 eique,
1522 802 1756 874 aeq't'i'a'll'b’u‘s

211 889 343 943 poetis
381 888 546 931 comicis
589 885 905 931 Atheniensibus
943 886 1130 931 excultae
1172 886 1388 931 conveniat
1428 883 1628 945 quemque
1676 890 1754 932 vim

210 956 461 1014 reipublicae
492 956 667 1000 conditio
688 963 730 1001 et
745 963 939 1016 ‚tempora
971 958 1011 999 in
1042 957 1230 999 iudicium
1251 957 1531 1013 Aristophanis
1550 955 1756 1002 exercue-

210 1030 304 1081 rint,
334 1029 573 1082 inquiratur.
604 1028 740 1082 Atque
784 1040 863 1082 quo
906 1027 1048 1070 melius
1088 1029 1192 1070 ratio
1232 1027 1434 1071 iudicandi
1477 1022 1755 1086 sentiendique

213 1099 356 1142 aetatis
387 1099 704 1155 Aristophaneae
735 1087 1006 1156 cognoscatur
1029 1098 1401 1153 Aristophanesque
1431 1091 1565 1141 crisim
1596 1099 1648 1141 de
1669 1105 1755 1142 tra-

211 1169 312 1224 gicis
343 1170 506 1211 summis
537 1170 750 1211 instituens
780 1170 930 1211 rectius
961 1169 1241 1230 intellegatur,
1273 1170 1473 1223 quatenus
1514 1167 1756 1231 Aristopha-

211 1252 287 1282 nes
319 1253 408 1282 cum
454 1238 676 1294 aequalium
717 1237 866 1282 iudicio
909 1239 1118 1295 conspiret
1157 1238 1223 1281 vel
1268 1238 1490 1291 dissentiat,
1520 1232 1754 1282 videbimus·

210 1309 445 1363 Priusquam
477 1314 608 1350 autem
639 1308 737 1350 illud
760 1308 955 1351 ‘iudicium
987 1308 1269 1363 Aristophanis
1300 1309 1560 1363 illustremus,
1590 1307 1640 1362 de
1669 1298 1754 1353 Ra-

211 1391 350 1422 narum
392 1378 552 1422 fabulae
591 1378 800 1435 proposito
843 1384 966 1434 atque
1011 1378 1180 1422 consilio
1222 1377 1438 1433 paullulum
1485 1379 1754 1440 pra-emittere,

211 1462 386 1493 necesse
423 1450 488 1503 sit,
529 1459 765 1505 quamquam
812 1450 908 1504 quin
949 1449 1050 1492 haec
1087 1461 1157 1492 res
1200 1454 1281 1491 tum
1324 1443 1505 1502 demum,
1534 1442 1624 1490 c'u'm
1668 1447 1755 1490 illas

212 1518 488 1575 quaestiones,
520 1518 621 1574 quas
653 1517 960 1574 pertractandas
999 1519 1115 1561 nobis
1152 1516 1466 1574 proposuimus,
1509 1517 1639 1573 quoad
1670 1517 1756 1561 fieri

211 1596 358 1646 potest,
390 1589 652 1643 absolvimus,
681 1590 800 1645 plane
831 1588 1011 1647 intellegi
1043 1589 1186 1645 possit,
1217 1589 1362 1631 nemini
1393 1587 1555 1632 dubium
1581 1585 1638 1631 'si't

691 1744 767 1792 De
802 1736 1047 1791 Ranarum
1084 1740 1295 1792 consilio.

332 1863 583 1916 Quamquam
613 1862 723 1905 multi
754 1861 793 1902 in
825 1860 1000 1903 indolem
1032 1864 1073 1901 et
1114 1859 1364 1914 propositum
1395 1858 1595 1901 Ranarum
1626 1856 1759 1912 inqui-

212 1934 412 1986 siverunt,
441 1937 572 1974 tamen
604 1943 724 1975 nemo
757 1936 835 1985 est,
866 1930 934 1986 qui
965 1929 1199 1972 interiorem
1240 1927 1397 1970 fabulae
1433 1928 1605 1971 indolem
1644 1926 1761 1983 plane

212 2003 465 2046 intellexisse
497 2003 697 2046 videatur.
755 2002 935 2057 Namque
965 2004 1083 2043 vetus
1115 1998 1347 2053 scholiasta,
1379 2000 1471 2043 licet
1500 1998 1624 2042 verb‘a
1653 1996 1759 2041 illius

211 2085 295 2116 non
327 2079 403 2116 tam
433 2075 571 2129 inepta
602 2075 694 2122 sint,
726 2077 842 2128 quam
871 2072 1106 2123 sententiae,
1149 2076 1249 2126 quas
1280 2070 1390 2113 multi
1420 2075 1512 2125 post
1541 2077 1629 2112 euin
1659 2066 1759 2125 pro-

209 2145 313 2189 fessi
332 2150 439 2199 sunt,
460 2143 668 2188 consilium
691 2143 848 2187 fabulae
868 2153 1010 2200 parum
1031 2142 1242 2198 perspexit
1267 2142 1316 2192 ²).
1354 2140 1451 2184 Post
1470 2137 1575 2183 illdin
1596 2138 1760 2182 Fris‘ch·

336 2321 374 2365 1]
401 2318 453 2356 Cf.
480 2318 623 2355 Persou.
648 2317 757 2364 praef.
784 2318 827 2352 ad
852 2317 930 2353 Eur.
957 2317 1039 2353 Hec.
1071 2329 1116 2354 m.
1141 2318 1163 2353 l.
1194 2316 1371 2352 winland:
1404 2316 1526 2359 „Attis.
1552 2316 1634 2354 unu.
1658 2315 1695 2352 Ρ.
1719 2313 1762 2350 11.

211 2391 247 2426 p.
276 2377 411 2422 12,111.
436 2389 468 2424 p.
494 2377 552 2414 82.
577 2365 869 2423 incommodi.
893 2375 952 2409 111.
977 2387 1011 2420 ρ.
1037 2373 1117 2411 325.
1141 2374 1307 2410 valcken.
1338 2370 1443 2412 mser.
1475 2375 1508 2409 in
1541 2372 1620 2410 Eur.
1652 2371 1760 2408 ‹ir-m.

213 2439 294 2483 dep.
320 2437 378 2473 rel.
406 2448 450 2473 m.
474 2437 496 2472 l.
523 2434 704 2482 nartimg.:
730 2434 848 2479 Eurip.
873 2430 1002 2469 restitut
1039 2443 1075 2477 p.
1100 2430 1126 2468 Ι.
1154 2434 1231 2476 130,
1258 2431 1338 2476 238,
1363 2432 1444 2474 380,
1469 2430 1538 2466 476
1562 2425 1643 2467 alib.

330 2496 369 2539 2)
395 2494 508 2530 verb!
533 2492 641 2531 101101.
667 2497 746 2529 flunt
776 2486 837 2545 ὥς
866 2484 942 2536 οὖν
970 2486 1024 2536 τὸ
1055 2489 1199 2548 δρᾶμα
1228 2490 1307 2534 τοῦ
1336 2486 1541 2534 Πλούτου
1571 2489 1640 2530 (ὖο.
1667 2488 1763 2533 [stib-

211 2557 258 2591 ῆι
283 2555 387 2597 Plan)
408 2549 521 2613 ὑπὲρ
541 2553 624 2598 τοῦ
640 2547 744 2598 τότε
763 2547 971 2623 ἄρχοντος
990 2545 1188 2607 Ἀθηνῶν
1210 2543 1474 2607 ἄσυμφανῶς
1492 2542 1764 2617 ξυνευόξατο,

212 2609 321 2661 nard
359 2609 525 2667 παντὸς
574 2610 624 2656 δὲ
673 2611 924 2672 φιλοσοφου
961 2605 1329 2667 μεταρσιολέσχου
1368 2605 1440 2651 καὶ
1479 2605 1763 2666 ψευόοτυφσυ

212 2668 264 2717 τό
294 2673 437 2733 δρᾶμα
473 2672 559 2716 τῶν
603 2671 839 2729 Νεφελῶν,
870 2665 984 2714 οὕτω
1025 2667 1096 2713 καὶ
1139 2663 1268 2740 τήνδε
1305 2660 1383 2725 τήν
1422 2662 1651 2723 κωμῳδίαν
1679 2664 1762 2717 τῶν

215 2724 450 2793 Βατράχων
480 2722 594 2776 κατὰ
622 2724 786 2782 παντὸς
816 2722 1083 2790 ὖποψύχρου
1124 2741 1195 2771 και
1230 2719 1452 2781 &angelon
1494 2722 1564 2768 καὶ
1594 2719 1762 2784 α’φυοῦς

213 2790 284 2837 καὶ
316 2785 586 2847 ἅτεχνότατα
614 2785 872 2849 γράφοντος.
