1982 3007
964 58 1030 109 36

341 200 391 243 Ut
428 200 571 243 comici
614 211 760 243 novam
801 199 1046 256 reipublicae
1089 200 1427 244 administrandae
1468 202 1668 246 ationem
1708 200 1770 243 ri-

225 273 344 324 dent,
374 271 435 314 sic
465 283 620 313 morum
651 271 846 314 maiorum
876 276 969 315 sunt
998 271 1242 315 tenacissimi
1273 283 1497 327 eorumque
1526 271 1771 324 laudatores,

220 346 263 385 et
293 341 441 395 omnia,
473 352 577 397 quae
608 340 658 383 ad
689 341 863 384 maiores
893 345 1099 396 spectant,
1130 342 1170 383 in
1201 341 1344 383 bonam
1374 346 1530 397 partem
1559 342 1769 397 accipiunt.

218 414 463 467 Saepissime
494 412 617 467 igitur
658 424 725 454 res
756 425 780 454 a
811 412 1031 454 maioribus
1073 418 1211 469 gestas
1240 417 1553 455 commemorant
1583 418 1626 456 et
1654 413 1771 455 viro-

217 494 308 525 rum
339 493 596 536 summorum,
627 480 752 524 veluti
783 480 1087 536 Themistoclis,
1118 481 1323 537 Miltiadis,
1353 481 1566 536 Aristidis,
1584 482 1769 539 Myroni-

219 553 281 595 dis
322 553 566 594 mentionem
611 553 790 594 iniiciunt
830 552 1102 608 populumque
1140 552 1377 608 admonent,
1407 559 1450 596 ut
1487 554 1576 595 illos
1615 566 1769 608 sequa-

218 629 285 667 tur
312 623 387 674 ¹⁸).
420 622 487 667 Sic
517 622 686 679 Eupolis
715 623 755 665 in
787 622 934 677 tabula,
964 623 1029 666 cui
1059 622 1295 679 inscriptum
1328 628 1391 668 est
1420 620 1589 681 Δῆμοι,
1618 623 1770 667 Miltia-

221 694 332 749 dem,
361 693 604 748 Aristidem,
634 692 849 748 Solonem‚
880 693 1073 738 Periclem
1116 706 1170 737 ex
1210 693 1349 737 inferis
1388 694 1579 737 reductos
1608 706 1769 750 pravam

219 765 469 822 reipublicae
499 764 785 822 gubernandae
814 766 1012 809 rationem
1042 766 1339 821 populumque,
1370 768 1437 821 qui
1467 778 1603 809 mores
1643 766 1768 809 maio-

221 848 309 879 rum
341 836 558 889 abiecerit‚
587 835 939 891 reprehendentes
965 833 1040 890 ¹⁹),
1073 835 1270 879 Cratinus
1292 837 1333 878 in
1372 836 1548 893 Legibus
1578 835 1769 881 Solonem

221 907 273 950 de
302 907 461 964 legibus
494 907 690 949 dicentem
732 912 774 949 et
817 906 1122 950 Atheniensium
1162 919 1289 950 novas
1331 905 1446 963 leges
1476 908 1675 951 ridentem
1704 908 1772 949 in-

220 977 330 1020 ducit
354 978 435 1028 20).
487 976 624 1033 ltaque
662 990 742 1019 non
780 976 1000 1020 mirandum
1042 983 1123 1033 est,
1165 977 1274 1033 quod
1315 977 1498 1036 singulos
1538 978 1672 1033 cives,
1702 978 1771 1034 qui

220 1049 398 1091 moribus
439 1048 650 1091 veteribus
696 1048 845 1090 relictis
899 1061 1002 1090 nova
1054 1050 1209 1091 ratione
1252 1048 1626 1104 consuetudineque
1665 1049 1771 1091 vitae
1842 1088 1861 1108 0

220 1120 423 1173 novisque
445 1119 623 1160 moribus
644 1118 871 1171 utebantur,
902 1120 1097 1174 ipsosque
1130 1132 1219 1172 eos,
1250 1120 1318 1174 qui
1340 1120 1414 1162 sibi
1444 1124 1581 1162 vestes
1612 1132 1635 1161 a
1665 1130 1769 1162 con-

222 1188 436 1234 suetudine
467 1188 620 1231 alienas
651 1188 892 1243 induebant,
922 1189 1185 1233 vehementer
1220 1189 1353 1233 rident
1374 1186 1447 1245 ²¹).
1498 1188 1769 1240 Quamobrem

220 1262 342 1305 etiam
388 1259 670 1304 educationem
713 1272 857 1302 novam
899 1260 1140 1313 liberorum,
1182 1273 1261 1316 qua
1303 1261 1473 1305 iuvenes
1514 1260 1698 1304 luxuriae
1730 1265 1772 1303 et

222 1331 434 1376 fallacibus
467 1330 624 1374 dicendi
655 1330 807 1374 artibus
838 1330 959 1374 dediti
989 1343 1157 1386 prorsus
1189 1331 1468 1375 effeminentur
1499 1332 1770 1388 pietatemque

223 1405 263 1445 in
294 1403 395 1445 deos
426 1403 611 1444 abiiciant
635 1400 709 1455 ²²),
739 1407 891 1455 notant,
922 1415 1057 1456 neque
1087 1403 1218 1445 minus
1250 1403 1455 1458 populum,
1486 1403 1594 1458 quod
1625 1416 1648 1445 a
1678 1403 1772 1458 pie-

218 1479 300 1517 tate
340 1473 624 1528 religioneque
666 1473 856 1515 maiorum
898 1472 1051 1515 alienus
1102 1474 1332 1530 peregrinis
1374 1473 1543 1516 deorum
1586 1473 1771 1526 cultibus,

219 1545 344 1587 veluti
375 1543 561 1598 Cotyttiis
592 1543 771 1585 Thraciis
803 1543 933 1585 locum
966 1543 1166 1586 concedat
1190 1544 1268 1594 ²³).
1300 1566 1356 1573 -—

336 1614 427 1656 Non
471 1614 622 1666 minus,
668 1625 787 1668 quam
830 1612 1069 1670 demagogi‚
1109 1613 1338 1669 philosophi
1380 1612 1615 1656 comoediae
1655 1617 1771 1668 aptae

222 1690 315 1727 sunt
358 1695 563 1738 personae
607 1695 712 1737 quae
757 1683 990 1737 rideantur,
1039 1697 1126 1725 cum
1168 1683 1340 1738 profano
1380 1683 1506 1740 vulgo
1545 1683 1651 1725 docti
1691 1695 1772 1725 non

222 1766 318 1797 raro
349 1754 530 1810 speciem
558 1753 766 1797 ridiculam
799 1754 997 1809 praebere
1029 1753 1254 1798 videantur.
1285 1753 1514 1808 Philosophi
1544 1753 1666 1811 igitur
1695 1753 1771 1795 iam

304 1989 366 2031 18)
392 1988 444 2025 Cl'.
471 2000 502 2023 o.
529 1999 563 2035 g.
590 1988 690 2027 Arist.
713 1988 827 2034 Equit.
860 1998 894 2025 v.
920 1986 1010 2029 560,
1035 1986 1122 2030 605,
1147 1986 1236 2029 780,
1263 1987 1352 2030 818,
1376 1985 1459 2029 884,
1489 1984 1588 2022 1334.
1612 1983 1715 2031 Veap.
1740 1997 1775 2022 v.

227 2047 309 2092 710,
337 2046 439 2086 1060.
464 2046 549 2083 Ach.
575 2058 609 2084 v.
640 2046 717 2091 181,
744 2048 825 2084 702.

301 2107 366 2151 19)
393 2106 449 2142 Cf.
471 2106 628 2141 Meineke
654 2106 791 2148 Quaeat.
818 2105 920 2145 Scen.
947 2104 972 2149 1,
998 2117 1028 2152 p.
1057 2104 1104 2141 44
1128 2116 1199 2151 seq.
1225 2105 1345 2152 fragm.
1371 2115 1459 2143 com.
1483 2103 1536 2142 Gr.
1565 2104 1659 2147 (edit.
1676 2104 1775 2146 min.)

227 2179 260 2214 p.
287 2167 354 2204 172
380 2177 453 2213 seq.
479 2165 607 2211 Bergk.
632 2165 653 2202 l.
678 2165 700 2202 l.
726 2177 760 2211 p.
785 2164 867 2203 346.

297 2225 365 2269 20)
392 2224 441 2260 Cf.
465 2224 591 2271 Bergk.
617 2225 639 2260 l.
664 2224 686 2260 l.
712 2235 746 2268 p.
775 2224 853 2260 ¹35.

298 2285 364 2328 21)
390 2283 442 2322 Cf.
467 2283 721 2330 Kannegiesser
744 2281 766 2318 1.
791 2282 814 2318 l.
839 2293 874 2328 p.
900 2281 970 2318 473
1000 2291 1075 2328 seq.

300 2342 363 2384 22)
389 2341 440 2376 Cf.
466 2341 550 2376 Nub.
574 2352 608 2378 v.
633 2340 856 2379 960—1080.

302 2402 365 2445 23)
391 2399 443 2436 cf.
480 2400 546 2437 Av.
580 2398 651 2438 805
685 2411 760 2449 seq.
809 2400 865 2436 Sic
891 2399 1030 2447 Eupolis
1054 2399 1090 2435 in
1114 2398 1227 2446 Baptia
1258 2397 1468 2435 Alcibiadem
1495 2400 1636 2446 eiusque
1660 2398 1776 2434 socios

230 2462 408 2497 nocturnis
434 2461 601 2495 conviviis
626 2459 849 2505 Cotyttiorum
873 2471 1044 2495 sacrorum
1080 2459 1317 2504 turpitudinem
1354 2465 1388 2495 et
1410 2459 1673 2495 obscoenitatem
1698 2457 1777 2491 imi-

232 2525 345 2555 tantes
377 2518 519 2556 inducit.
567 2517 737 2562 Videant,
772 2530 837 2562 ne,
873 2519 931 2565 qui
964 2518 1114 2553 comicos
1147 2517 1256 2552 iocum
1289 2517 1397 2553 solum
1435 2517 1607 2562 appetisse
1641 2514 1777 2557 ducunt,

231 2584 359 2617 errent.
409 2577 619 2625 Quamquam
656 2580 722 2613 iarn
755 2578 817 2613 viri
850 2577 970 2613 eruditi
1004 2578 1206 2624 antiquitatis
1240 2582 1391 2612 naturam
1421 2574 1622 2611 comoediae
1655 2575 1777 2609 veteri·

233 2649 349 2684 parum
374 2636 625 2680 intellexeruut,
651 2636 755 2672 veluti
780 2636 994 2680 Aristoteles,
1021 2637 1079 2683 qui
1111 2638 1144 2671 iu
1169 2637 1245 2672 Eth.
1278 2636 1323 2670 ad
1347 2635 1473 2670 Nicom.
1498 2634 1608 2668 veteri
1632 2632 1780 2669 comoe-

233 2698 310 2733 diae
335 2699 451 2732 iocum
476 2701 510 2731 et
534 2696 731 2739 ridiculum,
757 2706 867 2731 novae
891 2696 1073 2731 sententias
1106 2690 1356 2753 (ὑπόνοιαν)
1395 2692 1518 2729 tribuit.
1583 2691 1687 2728 Plane
1723 2693 1778 2728 in-

234 2756 318 2803 eptit
340 2754 538 2792 Plutarchus
564 2753 609 2790 do
633 2754 719 2802 glor.
745 2753 822 2793 Ath.
846 2765 877 2794 c.
903 2757 937 2792 5.
