1982 3007
956 111 1022 166 28

216 248 308 300 Quo
340 249 485 294 factum
528 253 602 307 sit,
634 257 676 297 ut
713 255 920 298 rarissime
959 261 1297 302 commemoretur
1324 257 1364 300 in
1405 255 1562 300 tabu&
1593 256 1755 300 Aristo-

213 319 372 375 phanis,
401 328 543 377 postea
576 323 846 369 ostendemus.

333 392 544 448 Postquam
575 394 778 450 iudicium,
808 397 922 453 quod
962 398 1257 455 Aristophanes
1294 396 1346 440 de
1382 352 1552 454 tragicis
1577 397 1755 449 taam

214 463 503 516 exposuimus,
533 465 607 507 iam
650 472 831 522 apparet,
871 469 977 512 illum
1011 470 1202 525 Aeschyli
1243 468 1399 513 tutelam
1431 468 1561 512 etium
1593 468 1640 513 l·
1671 468 1756 514 iltis

212 532 334 574 rebus
365 534 613 589 suscepisse,
644 548 746 591 quas
777 538 951 583 fortasse
982 551 1062 582 non
1092 539 1234 582 iniuria
1274 538 1493 582 adversarii
1522 538 1562 581 ei
1590 538 1756 593 vitupoa

210 603 401 646 raverint.
432 603 592 649 Summa
624 607 888 653 admiratione
917 610 1026 653 illurn
1056 609 1331 665 amplectitur,
1363 609 1432 664 qui
1461 609 1500 652 ei
1528 613 1596 652 est
1620 608 1755 666 imago

211 684 366 715 morum
404 675 597 718 maiorum
643 678 754 727 (τῶν
785 678 1242 737 Μαραθωνομαχῶν),
1267 692 1504 736 quamquam
1543 678 1755 734 Sophoclis

211 750 334 786 artem
385 747 577 802 tragicam
627 749 784 803 plurimi
836 751 1003 802 fecerit3
1043 749 1245 806 Euripidis
1285 755 1416 795 autem
1455 749 1549 794 vitia
1600 756 1754 794 sumum

211 813 306 857 odio
338 816 588 873 perstringit,
621 820 770 876 quippe
800 833 919 876 quem
951 820 1165 877 sophistam
1198 821 1327 875 ducat,
1358 821 1427 877 qui
1465 821 1596 877 plebis
1637 820 1754 877 cupi·

211 885 370 927 dinibus
403 889 572 930 maxime
603 889 823 947 indulgeat.
853 891 1007 946 ltaque,
1037 906 1090 935 ne
1121 893 1258 947 inique
1297 892 1350 935 de
1390 891 1660 948 Aristophane
1689 891 1753 934 iu·

211 956 390 1000 dicemus
420 970 530 1001 neve
560 958 748 1003 iudicium
787 951 1001 1017 perperam
1040 962 1344 1021 intellegamus,
1384 974 1468 1019 quo
1507 963 1595 1006 iure
1637 965 1755 1017 poeta

210 1028 388 1070 comicus
429 1029 609 1085 tragicos
650 1029 717 1072 tali
760 1030 880 1073 modo
931 1031 1209 1088 descripserit,
1252 1033 1470 1077 videndum
1510 1039 1592 1086 est3
1643 1033 1755 1089 quod

208 1097 394 1142 facillime
427 1099 480 1153 tit,
511 1100 546 1143 si
588 1100 790 1156 quomodo
830 1101 1067 1145 comoediae
1111 1108 1278 1147 naturae
1320 1104 1576 1161 maximeque
1605 1103 1755 1150 veteris

208 1169 365 1213 Atticae
395 1169 580 1213 iudicium
611 1172 841 1224 conveniat,
871 1185 1071 1229 quamque
1108 1174 1188 1216 vim
1227 1174 1472 1230 reipublicae
1511 1174 1686 1218 conditio
1715 1174 1755 1216 in

209 1241 395 1284 iudicium
426 1242 526 1284 illud
557 1245 802 1297 exercuerit,
832 1244 1221 1302 investigaverimus,

810 1551 1030 1643 Caput
1060 1553 1147 1619 H.

205 1720 464 1783 Quomodo
511 1721 732 1771 iudicium
769 1720 1039 1771 comoediae
1091 1724 1384 1791 maximeque
1445 1721 1505 1772 ab
1561 1709 1754 1791 Aristo·

278 1802 434 1870 phane
470 1804 607 1870 eique
643 1802 922 1870 aequalibus
959 1802 1174 1853 excultae
1209 1805 1379 1853 rationi
1416 1806 1677 1856 conveniat.

327 1944 575 1987 Comoediae
606 1945 811 2000 proprium
854 1949 940 1998 est,
971 1943 1087 1987 vitam
1129 1943 1337 1986 humanam
1377 1944 1548 1999 eiusque
1579 1944 1671 1988 vitia
1701 1945 1755 1989 ita

206 2014 361 2067 imitari,
395 2020 435 2057 ut
466 2020 723 2071 spectatores
756 2028 804 2057 ea
836 2028 883 2057 re
913 2013 1177 2057 delectentur.
1240 2013 1509 2064 Quamobrem
1555 2019 1625 2058 aut
1652 2014 1753 2058 tales

205 2098 275 2129 res
306 2087 484 2129 comicus
514 2086 809 2142 spectatoribus
840 2090 1045 2142 proponat
1087 2097 1262 2128 necesse
1307 2090 1396 2140 est,
1427 2097 1534 2141 quae
1574 2085 1648 2128 iam
1679 2098 1754 2142 per

205 2168 252 2199 se
282 2158 462 2213 speciem
504 2157 721 2213 praebeant
760 2156 987 2210 ridiculam,
1017 2161 1086 2199 aut
1116 2168 1210 2208 res,
1241 2167 1344 2210 quas
1375 2154 1548 2209 inducit,
1577 2156 1630 2198 ita
1659 2160 1755 2199 sunt

206 2226 493 2282 depravandae
524 2233 564 2270 et
603 2227 850 2280 vertendae,
881 2233 924 2270 ut
964 2227 1040 2270 hac
1081 2226 1369 2282 depravatione
1411 2225 1523 2270 iocus
1567 2226 1755 2282 risusque

206 2302 421 2351 expetatur
452 2303 494 2341 et
524 2298 628 2341 actio
660 2303 823 2353 praeter
854 2297 1199 2352 exspectationem
1221 2301 1493 2352 spectatorum
1524 2297 1621 2339 mira
1650 2295 1753 2341 red-

205 2367 339 2410 datur.
372 2369 539 2410 Tantum
571 2368 696 2425 igitur
724 2369 851 2421 abest,
883 2373 927 2410 ut
957 2368 1138 2410 comicus
1169 2380 1232 2420 ea,
1264 2379 1372 2422 quae
1402 2366 1553 2415 inducit,
1577 2367 1618 2410 in
1656 2378 1754 2411 sce-

205 2450 315 2489 nam,
347 2452 398 2480 ex
429 2440 612 2482 omnibus
642 2438 823 2494 partibus
854 2439 955 2481 iuste
987 2443 1029 2481 et
1059 2451 1188 2493 aeque
1220 2436 1453 2481 consideret
1489 2441 1607 2493 atque
1646 2447 1754 2491 pon-

204 2508 335 2561 deret,
368 2514 411 2551 ut
441 2522 581 2551 omnes
611 2522 698 2563 res,
729 2522 832 2564 quas
862 2510 937 2552 sibi
968 2507 1148 2565 agendas
1179 2509 1304 2566 eligit,
1337 2507 1388 2551 ad
1410 2506 1620 2551 ludibrium
1652 2505 1768 2550 ver?

202 2584 256 2621 tat
287 2585 328 2623 et
360 2593 432 2636 per
462 2581 780 2636 superlationem
803 2579 966 2623 mirifice
997 2578 1196 2636 adaugeat
1217 2584 1258 2622 et
1286 2583 1527 2636 exaggeret·
1558 2577 1744 2620 Naturam

204 2743 296 2786 facit,
326 2744 441 2779 ridens
467 2745 569 2780 etiam
595 2745 750 2786 fortasse,
777 2744 869 2791 quod
894 2743 951 2779 ille
989 2743 1185 2789 tragoedias
1215 2742 1288 2777 aliis
1314 2740 1508 2777 venditarit.
1555 2740 1608 2779 Cf.
1634 2739 1746 2788 Bergk

205 2801 227 2836 l.
254 2801 276 2838 1.
302 2814 332 2847 p.
363 2803 438 2838 187.
464 2802 581 2838 Dissen
609 2801 652 2838 ad
676 2801 772 2839 Pind.
798 2801 914 2841 luihm.
939 2799 983 2846 ll,
1008 2811 1042 2847 p.
1068 2800 1149 2837 491.
