1982 3007
926 59 996 113 '4⁶

194 206 335 252 rebus
350 204 530 263 puhlicis
546 204 679 250 locum
707 201 956 255 concedunt,
966 199 1198 257 *Sophocles
1218 212 1363 246 omnes
1392 201 1481 244 rere
1510 212 1594 255 res,
1624 213 1727 258 quae

197 277 248 321 ad
276 277 560 333 rempublicam
578 276 796 333 pertinent,
825 271 974 315 omittit
978 272 1054 324 θ’).
1085 273 1169 317 Suo
1201 273 1306 315 enim
1338 273 1426 314 iure
1445 272 1524 315 Jon
1555 273 1592 315 in
1613 286 1728 316 com-

198 349 401 393 meamus
419 342 713 405 (ἐπιδημίας)
731 356 796 400 ap.
822 342 965 387 Athon.
984 340 1089 396 ·‚X}ll
1107 343 1194 385 604
1216 342 1263 386 d:
1294 336 1351 386 τοὶ
1367 339 1512 395 μέντοι
1531 340 1730 387 πολιτικὰ

198 411 300 463 οὔτε
329 412 469 478 σοφὸς
495 413 600 461 οὔτε
625 403 902 473 ῥεκτήριος
874 428 945 471 ην,
973 406 1129 463 ἀλλ’ως
1158 408 1211 458 ἄν
1238 426 1304 463 τις
1332 405 1398 463 εἷς
1426 411 1511 455 τῶν
1539 412 1731 471 χρηστῶν

198 481 285 534 Ἀθ
336 485 450 535 affin.

286 502 409 611 ηἷὶιῐο
436 558 493 612 m,
523 561 567 601 ut
596 554 818 613 Sophocles
849 555 888 598 in
917 531 1127 599 comoedia
1158 558 1297 597 vetere
1329 553 1456 597 Attica
1486 555 1636 610 primas
1666 554 1731 597 vel

201 629 427 674 secundas
440 626 578 684 partes
616 639 744 683 agere
784 638 893 668 non
908 630 1068 679 posset,
1098 625 1247 678 quippe
1287 636 1390 678 quae
1429 624 1520 666 illos
1549 626 1732 668 homines

200 702 369 745 maxime
398 701 438 743 ia
469 711 628 742 scenam
658 697 831 751 inducat,
861 695 930 752 qui
960 694 1093 752 aliquo
1114 693 1237 739 modo
1266 694 1305 739 in
1336 693 1621 752 rempublicam
1651 695 1731 739 vim

201 778 401 815 exercere
430 774 472 813 et
500 773 671 812 mutatae
698 766 946 824 reipublicae
974 765 1312 809 administrandae
1340 766 1481 807 rationi
1502 771 1570 808 aut
1598 766 1734 809 favere

199 846 266 882 aut
295 838 424 894 palam
455 839 664 882 adversari
694 838 892 881 videntur.
952 837 1052 879 Tum
1081 835 1303 891 Sophocles
1339 836 1520 879 moribus
1549 843 1589 878 et
1618 837 1734 880 insti—

199 910 295 954 tutis
334 910 531 954 maiorum
572 908 733 952 omnino
774 906 933 952 deditus
976 905 1049 950 fuit
1085 917 1240 962 neque,
1286 918 1375 949 cum
1416 905 1507 949 fidei
1543 906 1733 951 maiorum

201 984 313 1024 esset
342 984 486 1035 tenax,
516 979 846 1037 philosophorum
888 979 1106 1022 sententias
1146 977 1200 1019 illi
1231 979 1452 1020 contrarias
1482 979 1648 1033 accepit.
1698 980 1734 1022 A

203 1052 519 1108 philosophando
565 1052 667 1095 enim
710 1050 763 1094 de
801 1050 923 1093 rebus
961 1049 1105 1093 divinis
1144 1047 1355 1103 abhorret,
1397 1061 1510 1103 cum,
1549 1054 1593 1092 ut
1620 1049 1734 1107 leges

202 1120 407 1180 religionis
437 1127 707 1166 exerceantur
734 1122 949 1177 pietasque
979 1119 1202 1163 hominibus
1242 1120 1352 1161 cordi
1383 1121 1449 1173 sit,
1479 1132 1735 1176 summopere

202 1191 372 1236 studeat.
403 1191 540 1244 Quare
571 1205 622 1234 ne
652 1191 818 1234 fabellas
850 1191 1008 1245 quidem
1037 1190 1365 1245 superstitiosas,
1395 1202 1472 1231 nec
1501 1190 1611 1246 vulgi
1640 1203 1734 1251 sen-

204 1262 348 1305 tentias
377 1268 419 1304 et
448 1262 661 1317 opiniones
691 1262 742 1304 de
772 1261 848 1304 diis
877 1261 1098 1303 contemnit
1120 1261 1200 1310 ⁶⁷).
1250 1260 1387 1302 Talem
1419 1260 1542 1316 igitur
1570 1273 1617 1303 ac
1647 1266 1737 1303 tan-

205 1337 285 1374 tum
313 1336 477 1387 poetam
507 1331 684 1374 comicus
714 1342 906 1384 summus,
936 1330 1013 1372 nisi
1050 1330 1167 1386 leges
1208 1330 1345 1383 poesis
1376 1331 1553 1372 comicae
1582 1337 1622 1373 et
1651 1332 1737 1373 sin-

205 1401 290 1444 ceri
320 1400 454 1444 indicii
497 1401 728 1458 neglegere·
747 1398 897 1453 vellet,
927 1412 1018 1443 cum
1062 1398 1255 1455 Euripide
1285 1405 1503 1443 certantem
1545 1400 1738 1445 inducere

203 1483 283 1514 non
313 1472 441 1528 potuit
470 1481 603 1528 neque
631 1470 801 1526 cuipiam
831 1468 950 1513 facile
980 1469 1283 1525 persuadeatur,
1313 1471 1351 1512 in
1382 1471 1506 1513 Musis
1526 1471 1738 1528 Phrynichi

203 1541 444 1597 Sophoclem
474 1553 562 1585 cum
591 1540 783 1597 Euripide
815 1546 1019 1594 certasse,
1050 1540 1159 1596 quod
1200 1554 1253 1584 ex
1292 1541 1451 1598 exiguis
1488 1541 1739 1601 fragmentis,

204 1622 308 1667 quae
337 1617 488 1667 extant,
517 1611 754 1664 Heinekius‚
785 1613 831 1655 V.
866 1612 1034 1654 eximius
1061 1611 1219 1654 facilius
1250 1612 1462 1667 collegerit
1484 1613 1563 1667 ⁶⁸),
1594 1626 1751 1669 quam·.

204 1692 324 1737 quam
352 1683 486 1726 Musas
525 1688 693 1726 mortem
722 1682 942 1738 *Sophoclis
982 1682 1147 1726 flevisse
1173 1682 1439 1738 *fabulamque
1477 1684 1517 1725 in
1556 1683 1739 1727 laudibus

204 1749 309 1803 illius
339 1750 625 1795 multumesse
642 1758 851 1805 versatam,
881 1758 1035 1795 certum
1067 1757 1142 1795 est.
1172 1752 1464 1807 Aristophanes
1481 1754 1642 1807 quidem
1673 1766 1739 1806 eo,

205 1821 314 1876 quod
352 1821 459 1865 illum
500 1823 716 1865 certamine
760 1822 878 1877 qnasi
916 1823 1170 1878 superiorem
1210 1823 1387 1877 putavit,
1418 1823 1513 1866 satis
1554 1823 1742 1878 ostendit,

206 1892 344 1947 quanti
372 1892 560 1936 virtutem
590 1893 678 1936 eius
707 1892 896 1950 tragicam
927 1894 1166 1936 aestimaret.
1202 1914 1254 1921 —-

320 1962 408 2006 Jam
440 1962 488 2006 ad
519 1963 750 2019 Euripidem
770 1965 997 2008 transimus.
1027 1965 1187 2007 Poetam
1211 1965 1421 2019 comicum,
1451 1978 1539 2009 cum
1564 1965 1602 2008 in
1634 1965 1740 2009 illum

277 2190 345 2239 66)
369 2192 460 2229 Multi
485 2194 547 2229 viri
571 2193 663 2230 docti
687 2195 917 2244 imprimisque
953 2194 1142 2232 Sehoellius
1174 2196 1251 2239 (vit.
1275 2194 1452 2242 Sophocl)
1479 2207 1522 2233 eo
1546 2200 1743 2244 peccarunt,

210 2251 301 2299 quod
324 2252 444 2287 multas
468 2263 537 2297 res,
574 2264 662 2300 quae
697 2256 729 2289 in
754 2255 943 2300 Sophoclis>
968 2254 1090 2291 tabulis
1124 2262 1428 2291 commemorantur
1463 2257 1507 2291 ad
1532 2256 1743 2303 reipublicae

208 2309 423 2346 Atheniensis
458 2312 689 2348 conditionem
722 2314 895 2359 referunt,
930 2315 1062 2350 etiamsi
1097 2314 1262 2350 interdum
1292 2315 1335 2349 ad
1360 2315 1569 2360 reipublicae
1593 2322 1743 2361 tempora

209 2371 358 2415 respicit,
382 2370 487 2405 vetuti
512 2370 644 2406 Philoct
680 2383 713 2408 v,
740 2373 808 2408 385
833 2385 921 2420 seq,
944 2374 1036 2409 Aias.
1063 2384 1094 2407 v.
1125 2374 1370 2417 1045-1150‚
1397 2386 1430 2420 q.
1455 2374 1476 2410 1.
1503 2386 1616 2410 mores
1640 2375 1745 2420 Spar—

208 2434 364 2465 tanorum
389 2430 493 2474 notat,
518 2428 597 2467 ibid.
624 2440 656 2466 v.
681 2429 750 2465 34⁷
776 2432 831 2466 ubi
856 2432 928 2467 laus
953 2431 1045 2466 chori
1070 2432 1243 2467 Salaminii
1282 2432 1325 2467 ad
1365 2432 1440 2467 illos
1465 2432 1663 2468 Salaminios
1687 2443 1745 2467 rea

208 2487 348 2522 ferenda
373 2492 433 2529 est,
458 2488 515 2532 qui
542 2498 560 2521 a
587 2488 734 2532 partibus
758 2490 1013 2526 Atheniensium
1038 2491 1187 2529 fuerunt.
1211 2491 1316 2525 Simili
1341 2492 1441 2527 modo
1458 2494 1492 2527 in
1509 2491 1644 2538 Oedipo
1671 2491 1745 2527 Col.

207 2544 338 2594 singula
360 2544 406 2582 ad
428 2543 630 2592 reipublicae
656 2550 810 2591 tempora
834 2553 996 2595 spectant.
1022 2547 1119 2590 Quae
1143 2555 1257 2584 tamen
1281 2551 1485 2585 seutentiam
1500 2549 1595 2585 Jonis
1618 2552 1744 2586 irritam

210 2615 278 2640 nou
303 2605 456 2642 reddunt.

279 2673 342 2720 67)
368 2674 418 2713 Cf.
443 2675 496 2713 Fr.
521 2675 659 2715 Peter-2
684 2675 800 2715 Theol.
825 2678 985 2725 Sophocl.
1009 2679 1149 2717 Monast.
1176 2679 1276 2725 1845,
1302 2691 1336 2726 p.
1360 2681 1384 2716 3
1408 2691 1482 2728 seq.

275 2742 342 2789 68)
366 2745 422 2786 Cf.
441 2747 518 2787 hist.
544 2749 618 2788 ortt.
642 2759 729 2788 com.
752 2747 811 2788 Gr.
834 2762 869 2797 p.
895 2752 973 2788 15¹1.
