1982 3007
184 716 186 719 ι
240 647 372 709 *Cum
404 662 455 704 ad
486 661 809 720 cognoscendam
850 648 1120 715 antiquitatem
1162 659 1331 703 maxime
1368 658 1478 703 libris
1518 670 1666 718 monn-f

131 723 359 793 mentisque
390 731 512 786 ipsis,
543 743 648 786 quae
677 737 852 784 nostram
878 730 1071 784 ,tulerunt
1101 735 1297 781 aetatem,
1330 729 1384 772 uti
1413 740 1584 771 neeesse
1615 728 1667 770 sit

135 827 184 834 —
218 800 411 858 ineptiunt
441 799 560 855 enim,
590 800 656 860 qui
686 801 873 858 antiquos
915 800 1090 857 populos
1121 801 1311 855 seipsos
1341 799 1528 841 habuisse
1558 811 1662 852 eog-

132 872 236 915 nitos
265 876 415 930 negant
451 893 496 898 -ν
532 877 613 913 tum
644 871 694 912 ad
726 870 1032 926 intellegendam
1064 868 1466 923 perspiciendamque
1498 866 1671 913 indolem

133 949 254 997 atque
284 940 459 988 naturam
491 943 731 999 litterarum,
762 941 907 1001 quibus
939 940 1082 987 Graeci
1114 945 1158 985 et
1187 938 1353 985 Romani
1385 938 1539 990 laudem
1569 950 1671 1006 con—

131 1011 259 1054 secuil
290 1015 384 1054 suni
414 1022 633 1067 perennem
665 1025 781 1050 nemo
813 1017 1029 1062 pervenire
1060 1020 1210 1062 potest,
1240 1014 1315 1052 nisi
1347 1018 1576 1064 praecepta,
1606 1010 1667 1054 le—

132 1098 232 1136 ges,
262 1085 501 1136 sententias,
533 1081 702 1137 iudicia,
733 1096 837 1139 quae
884 1086 1047 1128 veteres
1089 1077 1141 1126 de
1178 1076 1254 1125 illis
1293 1076 1495 1136 tulerunt,
1527 1078 1669 1123 iterum

133 1151 360 1208 iterumque
390 1152 595 1208 respiciat.
627 1151 739 1201 Quae
771 1165 1012 1206 quamquam
1042 1155 1141 1192 satis
1173 1155 1384 1203 perspicua
1414 1159 1532 1202 sunt,
1562 1152 1671 1191 nihi-

134 1216 321 1273 lominus,
351 1223 458 1276 quod
490 1222 541 1265 ad
572 1223 727 1266 litteras
769 1222 1070 1278 scriptoresque
1113 1218 1465 1265 celeberrimorum
1498 1217 1668 1274 antiqui-

134 1290 223 1333 tatis
254 1290 496 1348 populorum
528 1291 689 1344 attinet,
722 1291 943 1334 cavendum
991 1297 1069 1342 est,
1113 1304 1164 1331 ne
1207 1292 1443 1332 testimoniis
1487 1296 1670 1331 veterum

135 1361 247 1415 ipsis,
278 1373 382 1416 quae
410 1362 460 1402 ad
485 1361 577 1403 illos
608 1362 819 1415 pertinent,
851 1362 888 1403 in
920 1374 1101 1405 errorem
1132 1358 1360 1404 abducaris.
1393 1359 1547 1404 Etenim
1579 1370 1669 1401 cum

135 1435 323 1484 veteres,
363 1443 443 1485 quo
487 1435 671 1486 tempore
716 1431 871 1473 litterae
916 1432 1087 1474 maxime
1130 1430 1376 1482 floruerunt,
1412 1429 1560 1481 libros,
1601 1430 1670 1483 qui

135 1506 347 1556 praecepta
399 1498 596 1557 legesque
636 1501 883 1557 singulorum
927 1501 1144 1544 litterarum
1184 1512 1380 1557 generum
1431 1512 1485 1543 ex
1526 1499 1667 1542 artium

135 1569 341 1624 disciptina
373 1570 777 1625 doctrinaque-petita
808 1576 1102 1626 proponerent,
1134 1582 1212 1612 non
1234 1564 1563 1625 conscripserint,
1593 1568 1667 1611 sed

134 1645 313 1682 naturam
344 1645 560 1695 sequentes
593 1645 634 1683 et
664 1640 798 1682 divino
830 1639 1002 1694 quodam
1033 1640 1175 1690 furore
1221 1640 1329 1682 ducti
1360 1640 1529 1696 singulis
1559 1639 1668 1682 litte-

133 1722 273 1761 rarum,
297 1710 515 1766 generibus
547 1722 710 1766 operam
741 1702 1000 1764 navaverin't,
1031 1700 1153 1753 facile
1187 1710 1456 1767 intellegitur,
1487 1722 1539 1752 ex
1570 1722 1670 1752 auc-

124 1785 262 1824 torum
293 1781 536 1836 antiquitatis
576 1782 738 1836 scriptis
780 1782 967 1825 iudicium
1006 1781 1192 1843 omnibus
1233 1782 1409 1825 numeris
1449 1780 1671 1826 absolutum

133 1863 267 1907 neque
309 1851 362 1894 de
405 1851 576 1908 singulis
617 1852 836 1896 litterarum
881 1852 1102 1909 generibus
1145 1864 1277 1907 neque
1318 1852 1368 1895 de
1407 1852 1671 1908 scriptoribus

131 1921 301 1978 singulis
334 1934 457 1976 posse
488 1922 594 1976 duci,
624 1924 771 1978 quippe
811 1936 900 1966 cum
932 1923 1032 1965 alius
1062 1922 1160 1965 alias
1190 1922 1307 1979 leges
1339 1923 1379 1964 in
1409 1921 1673 1966 recensendis

131 1991 242 2035 libris
272 1996 439 2035 secutus
470 1992 533 2034 sit.
563 1992 722 2048 ltaque,
753 1993 908 2036 etiamsi
942 1997 1110 2035 veteres
1149 1993 1374 2047 scriptores
1411 1992 1550 2047 optimi
1579 1997 1672 2047 sunt

132 2060 273 2114 duces,
305 2074 474 2118 quorum
505 2062 677 2118 vestigia
704 2068 935 2122 prementes
967 2068 1092 2104 artem
1121 2067 1160 2104 et
1192 2061 1441 2119 disciplinam
1465 2066 1671 2116 anctorum

131 2131 369 2185 antiquitatis
398 2144 642 2174 summorum
673 2145 991 2187 cognoscamus,
1024 2145 1187 2189 semper
1227 2138 1359 2175 tamen
1391 2131 1671 2188 inquirendum

131 2207 206 2254 est,
237 2202 369 2257 qualis
399 2203 573 2257 scriptor
602 2202 655 2246 de
686 2203 765 2246 alio
796 2202 982 2246 iudicium
1023 2208 1217 2247 exerceat
1255 2203 1479 2259 qualesque
1509 2215 1671 2246 normas

131 2271 326 2314 iudicandi
357 2277 565 2326 sequatur.
613 2273 802 2327 Accedit,
833 2273 940 2328 quod
983 2275 1097 2317 etiam
1137 2280 1320 2330 tempora
1363 2265 1547 2330 magnam
1594 2275 1671 2316 vim

131 2341 278 2386 habent
318 2342 357 2384 in
403 2341 541 2399 legeS,
574 2355 673 2397 quas
705 2344 901 2398 homines,
937 2337 1006 2400 qui
1047 2344 1100 2388 de
1143 2344 1284 2388 litteris
1325 2344 1672 2399 scriptoribusque

129 2413 315 2456 iudicium
346 2412 495 2466 serunt,
525 2415 744 2468 respiciunt
766 2421 808 2458 et
838 2416 1090 2470 temporibus
1116 2415 1274 2459 mutatis
1305 2416 1546 2468 sententiae,
1568 2427 1672 2469 quae

130 2483 390 2540 scriptoribus
432 2484 470 2526 in
512 2484 813 2528 conscribendis
856 2485 968 2528 libris
1015 2486 1294 2529 observandae
1334 2487 1427 2539 sint,
1458 2490 1672 2527 mutantur.

129 2555 265 2604 Quare
295 2556 414 2598 etiam
444 2556 653 2610 temporis,
683 2567 766 2611 quo
796 2557 886 2611 quis
916 2557 1093 2611 scriptor
1134 2556 1187 2599 de
1231 2556 1309 2599 alio
1342 2555 1527 2601 iudicium
1558 2555 1672 2598 insti-

128 2625 214 2680 tuit,
244 2624 345 2671 ratio
376 2624 559 2669 habenda
591 2630 651 2669 est
681 2627 858 2670 maxima.
902 2626 1014 2677 Quae
1046 2639 1135 2670 cum
1166 2628 1219 2669 ita
1261 2628 1354 2680 sint,
1384 2626 1562 2669 fortasse
1594 2636 1673 2668 non

128 2696 266 2740 inutile
298 2699 364 2751 sit,
395 2698 448 2741 de
480 2697 640 2752 iudicio,
672 2699 781 2753 quod
812 2698 1101 2755 Aristophanes
1129 2711 1308 2744 summus
1351 2697 1419 2742 ille
1450 2702 1567 2755 poeta
1597 2708 1674 2740 co-

1369 2771 1388 2812 1
