1982 3007
927 109 996 179 38

465 268 620 313 τοῦτον
649 262 726 313 ‘cdv
757 261 876 325 ἄνδρ’
905 260 934 327 ἢ
961 263 1132 328 βιβλίον
1159 238 1396 327 δὶὲφθορό

466 334 496 398 ἢ
525 332 750 399 Πρόδικος
778 331 810 398 ἢ
837 336 924 383 τῶν
955 333 1203 395 ἀδολεσχῶν
1232 332 1298 391 εἷς
1326 334 1377 397 γέ
1406 345 1474 393 τις
1496 334 1575 396 ⁸⁰),

186 418 228 454 et
256 412 424 468 Eupolis
456 418 563 455 artes
594 411 755 455 illorum
787 411 944 455 dicendi
974 412 1110 455 verbis
1140 416 1270 455 notat:

467 476 727 537 οἷδολεσχεῖν
759 475 890 525 αὐτὸν
921 477 1167 537 ἕκδίδαξον,
1194 474 1231 524 ὦ
1262 477 1447 540 σοφιστά
1472 482 1544 531 Β“).

302 564 451 607 Natura
482 570 615 607 autem
646 565 897 619 comoediae,
927 565 1037 621 quod
1068 564 1118 607 ad
1148 565 1251 609 hanc
1269 578 1354 608 rem
1384 565 1535 625 attinet,
1564 550 1734 607 maxime

186 635 366 677 cernitur
398 648 452 677 ex
482 635 666 678 Nubibus
696 636 992 691 Aristophanis,
1022 636 1061 677 in
1092 647 1171 690 qua
1207 633 1340 678 fabula
1371 625 1547 679 comicus
1578 621 1734 680 Socrati

185 707 224 747 in
255 706 362 747 lecto
395 718 600 759 suspenso
632 707 812 750 'versanti
843 713 884 750 et
912 706 1043 750 inania
1075 711 1116 750 et
1146 705 1275 750 nubes
1316 705 1487 763 captanti
1512 702 1574 758 ³²)
1605 706 1733 766 prae-

184 781 298 832 cepta
329 776 591 832 physicorum
622 776 938 832 Eleatarumque
977 776 1308 833 philosophorum
1333 777 1397 827 ⁸³)
1438 783 1478 821 et
1513 779 1620 820 artes
1660 789 1734 820 so-

185 847 420 901 phistarum,
469 848 615 901 quibus
656 849 784 891 iustus
825 861 962 892 sermo
1003 844 1134 892 minor
1164 849 1216 892 sit
1257 850 1419 901 iniusto,
1448 844 1637 902 attribuit,
1667 848 1737 904 qui

184 917 304 960 filium
335 917 577 973 Strepsiadis
609 919 684 962 viri
714 919 904 975 simplicis
936 924 978 962 et
1007 919 1143 962 rustici
1172 924 1280 963 artes
1310 919 1397 962 illas
1430 919 1562 986 docet,
1591 918 1735 975 quibus

183 988 248 1030 hic
278 987 346 1030 vel
377 1000 536 1031 omnem
568 991 754 1044 pietatem
795 990 835 1031 in
877 994 1030 1045 patrem
1074 989 1218 1032 abiicit.
1271 988 1474 1033 Accurate
1514 984 1735 1058 inquirere,

185 1057 391 1113 quomodo
421 1059 578 1116 singula
610 1060 828 1115 opprobria
860 1060 899 1102 in
930 1060 1137 1103 Socratem
1169 1060 1376 1116 quadrent,
1407 1059 1544 1104 inutile
1574 1064 1615 1104 et
1644 1056 1733 1103 fere

183 1128 361 1184 ineptum
394 1134 471 1172 est.
504 1130 624 1173 Poeta
656 1130 772 1181 enim,
803 1130 873 1185 qui
902 1130 943 1172 id
974 1129 1050 1173 sibi
1070 1132 1298 1186 proposuit,
1328 1136 1372 1173 ut
1390 1132 1606 1174 iuventutis
1636 1143 1735 1172 cor-

183 1199 365 1253 ruptelae
392 1212 538 1242 causas
570 1201 803 1255 explanaret
827 1201 906 1254 34),
937 1213 1037 1256 quas
1068 1214 1158 1244 cum
1190 1200 1275 1244 aliis
1305 1198 1558 1244 comicis'ad
1599 1196 1734 1256 philo-

185 1269 341 1326 sophos
371 1269 514 1325 refert,
543 1276 587 1315 ut
618 1270 661 1315 C.
688 1271 733 1316 F.
763 1272 1013 1316 Hermannus
1044 1275 1085 1314 et
1114 1270 1291 1314 Rankius
1322 1275 1433 1314 recte
1464 1265 1733 1323 iudicant⁸⁵),

185 1341 362 1385 Socratis
402 1342 616 1397 imaginem
655 1344 707 1384 ita
740 1343 964 1398 depravare
1005 1342 1165 1395 debuit,
1195 1348 1238 1384 ut
1278 1343 1446 1385 consilio
1478 1354 1555 1384 suo
1586 1347 1628 1384 et
1657 1355 1733 1385 co-

186 1411 372 1454 moediae
414 1417 583 1455 naturae
625 1414 888 1457 satisfaceret.
945 1413 1085 1470 Neque
1125 1412 1372 1471 distinguunt
1408 1416 1555 1469 poetae
1594 1411 1734 1456 comici

185 1494 327 1524 verum
358 1481 641 1537 philosophum
673 1496 694 1524 a
725 1484 921 1538 sophista,
952 1497 1087 1539 neque
1116 1489 1241 1526 artem
1272 1483 1514 1526 dialecticam
1545 1483 1735 1536 Socratis,

186 1565 291 1606 quae
323 1557 387 1594 est
416 1565 483 1595 ars
513 1554 603 1596 veri
634 1553 879 1608 inveniendi,
910 1553 959 1596 ab
992 1553 1144 1596 artibus
1175 1552 1333 1597 dicendi
1364 1551 1632 1609 sophistarum
1659 1549 1730 1605 ⁸⁶).

185 1622 283 1666 Cum
314 1621 436 1680 igitur
466 1623 655 1667 Socrates
686 1623 816 1667 multis
847 1623 971 1667 rebus
1004 1629 1044 1666 et
1086 1624 1176 1680 ipso
1207 1622 1338 1665 habitu
1370 1634 1392 1665 a
1436 1619 1730 1665 consuetudine

186 1694 490 1735 Atheniensium
533 1694 773 1747 recederet,
802 1695 1053 1750 iuvenesque
1092 1699 1217 1737 artem
1260 1693 1507 1737 dialecticam
1542 1682 1730 1746 doceret,

253 1927 316 1970 30)
342 1926 392 1963 Cf.
408 1927 568 1963 Meineke
583 1926 725 1969 Quaest.
741 1926 796 1962 Se.
821 1923 864 1969 11,
888 1937 923 1972 p.
948 1926 1005 1963 24.
1032 1925 1186 1962 Cratinus
1210 1925 1375 1973 sophistas
1398 1924 1503 1962 ludit:
1527 1918 1620 1969 οἷον
1651 1939 1728 1970 σο.

183 1986 350 2044 φιστῶν
382 1986 540 2046 σμῆνος
570 1981 875 2045 ἇνεδιφήσατε.

252 2058 316 2101 31)
341 2057 452 2103 Etym.
478 2058 518 2092 M.
543 2069 576 2102 p.
601 2057 682 2092 213.

254 2117 316 2159 32)
344 2116 395 2151 Eo
421 2117 511 2162 quod
538 2116 655 2151 Nubes
681 2115 821 2150 chorum
847 2115 989 2158 faciunt,
1016 2113 1236 2160 allegoricam
1261 2112 1348 2147 illam
1373 2110 1651 2157 philosophorum
1676 2113 1731 2146 in-

182 2177 462 2220 terpretationem
488 2185 552 2218 pro
578 2175 642 2208 diis
667 2174 849 2208 individuis
874 2174 1078 2215 abstractas,
1104 2184 1137 2218 q.
1161 2183 1195 2208 v.
1220 2171 1316 2206 ideas
1341 2170 1577 2206 introducendi
1603 2170 1731 2206 alludit.

252 2234 319 2277 33)
345 2231 397 2270 cf.
422 2231 579 2268 Grothius
605 2233 649 2268 de
673 2232 807 2270 Socrat:
831 2233 931 2270 Arist.
955 2243 989 2277 p.
1016 2232 1083 2268 100
1107 2241 1181 2277 seq.
1207 2229 1295 2275 Traj.
1319 2229 1364 2264 ad
1387 2228 1497 2265 Rhen.
1524 2228 1628 2267 1843.

252 2291 319 2336 34)
344 2291 398 2329 Cf.
423 2291 524 2337 Vesp.
548 2302 584 2329 V.
612 2289 853 2329 1037—1045.

252 2350 317 2392 35)
343 2348 396 2385 Cf.
419 2348 458 2385 C.
484 2349 522 2386 Τ.
547 2342 718 2384 Hermann
744 2349 788 2384 de
812 2349 915 2385 Arist.
940 2348 1026 2385 Nub.
1051 2349 1087 2382 in
1110 2347 1209 2384 Jahn.
1235 2347 1357 2386 Annal.
1383 2346 1502 2391 Suppl.
1524 2345 1575 2390 11,
1599 2346 1624 2383 f.
1649 2344 1673 2380 3
1698 2356 1731 2381 a.

184 2409 288 2453 1833,
314 2421 349 2454 p.
374 2410 431 2445 46.
456 2408 578 2445 Ranke
595 2409 696 2448 Arist.
713 2409 771 2445 vit.
797 2420 830 2454 p.
853 2407 923 2446 427
948 2419 1024 2455 seq.
1049 2406 1214 2449 (infirmas
1230 2411 1341 2442 autem
1367 2405 1514 2442 rationes
1537 2404 1582 2440 ad
1608 2403 1732 2440 defen-

182 2468 332 2503 dendum
359 2468 619 2513 Aristophanem
644 2470 697 2503 vir
721 2468 880 2514 egregius
904 2468 1002 2502 affert
1026 2467 1061 2501 in
1087 2472 1268 2502 comment.
1302 2465 1346 2500 de
1377 2465 1465 2503 Nub.
1500 2465 1603 2502 Arist.
1628 2475 1662 2509 p.
1688 2463 1732 2499 10

181 2539 266 2575 seq.‚
293 2526 383 2564 Berl.
412 2526 502 2565 1844
528 2527 696 2574 (μορ-ζ).
722 2525 774 2564 cf.
799 2525 978 2562 Welcker:
1003 2525 1105 2562 Arist.
1130 2524 1216 2559 Nub.
1234 2526 1356 2569 interp.
1380 2522 1492 2559 Germ.
1506 2534 1542 2568 p.
1559 2522 1732 2566 190,213.

252 2585 314 2628 36)
342 2585 398 2622 sz
419 2586 457 2620 K.
486 2585 524 2620 Ο.
549 2586 687 2621 Mfiller:
715 2586 835 2621 Gesch.
862 2587 896 2621 d.
921 2597 972 2631 gr.
995 2584 1058 2622 Lit.
1080 2583 1156 2627 (ed.
1180 2584 1241 2628 Π),
1268 2584 1306 2621 P.
1331 2582 1373 2626 ΙΙ,
1399 2594 1432 2627 p.
1457 2580 1527 2618 234
1550 2593 1622 2626 neq.
1654 2580 1731 2618 Nou

182 2656 333 2691 possum,
360 2645 442 2692 quin
468 2655 638 2691 apponam
664 2644 770 2679 verba
796 2644 857 2679 viri
881 2641 1001 2678 summi
1028 2643 1078 2687 (p.
1102 2641 1213 2683 268)z
1250 2641 1313 2676 Die
1338 2639 1445 2674 Kritik
1478 2639 1540 2673 der
1563 2639 1731 2673 mittleren

180 2704 366 2739 Komoedie
392 2705 479 2739 iiber
502 2703 734 2748 Philosophen
759 2714 833 2738 war
857 2714 943 2749 ganz
968 2701 1093 2737 andrer
1116 2701 1189 2745 Art,
1214 2701 1262 2735 als
1289 2699 1356 2742 die,
1380 2698 1515 2734 welche
1534 2697 1733 2744 Aristopha-

183 2774 247 2799 nes
273 2773 385 2810 gegen
410 2762 569 2797 Socrates
594 2762 726 2804 ausubt,
753 2762 822 2796 und
848 2760 902 2796 die
926 2770 1017 2808 ganz
1042 2770 1108 2795 ron
1141 2759 1208 2794 den
1242 2756 1488 2804 Forderungen
1514 2756 1577 2792 des
1603 2758 1732 2802 practi-

183 2822 290 2857 schen
316 2821 448 2857 Lebens
473 2821 634 2866 ausging.
676 2836 677 2840 =
