1982 3007
1006 106 1073 158 5³2

267 242 384 289 minis
414 245 648 303 partieipem
685 244 782 290 facit
805 244 879 298 ⁹⁷).
939 245 1082 303 ltaque
1121 246 1238 292 etiam
1280 246 1479 305 prodigia
1503 249 1561 292 ot
1570 248 1741 294 ostenta
1771 249 1812 296 ln

264 316 383 359 coelo
415 316 711 371 animadversa,
742 329 846 373 quae
875 317 1069 373 aequales
1100 318 1150 362 ad
1182 317 1286 362 deos
1314 317 1564 373 referebant,
1574 312 1810 378 &sesopia

264 386 538 444 Anaxagorae
564 386 627 443 ⁹⁸)
660 399 849 443 sequens,
879 388 1031 432 viribus
1058 394 1225 432 naturae
1256 388 1390 440 tribuit
1408 389 1489 438 ⁹⁹).
1519 387 1587 432 Et
1596 401 1692 434 eum
1712 390 1813 434 deos

263 458 402 513 populi
434 463 736 513 contemneret,
767 458 868 502 deos
903 458 1058 516 patriae
1087 458 1403 516 alienarumque
1421 460 1605 517 gentium
1632 459 1755 504 Μετ’
1762 470 1813 505 ae

264 529 437 571 miscere
467 541 548 571 non
580 529 747 583 dubitat,
777 535 822 572 ut
852 529 1064 573 discrimen
1107 528 1299 574 Cererem
1345 531 1450 573 inter
1478 535 1520 572 et
1545 529 1746 586 Cybelam
1771 537 1813 573 et

266 597 370 640 inter
399 599 615 653 Hecatam,
655 599 820 654 Lunam,
866 599 1144 656 Proserpinam
1185 611 1357 656 prorsus
1403 600 1564 658 ignorat
1585 597 1693 656 ²⁰⁰);
1732 609 1809 644 suo

264 668 387 725 igitur
417 670 507 712 iure
537 670 713 713 comicus
744 671 782 713 ei
811 682 944 714 novos
963 670 1075 713 'deos
1107 665 1298 728 (ἑτέρους
1325 663 1488 722 θεοὺς)
1519 669 1669 714 tributi.
1727 671 1810 714 Fa-

262 738 367 782 bulis
399 753 421 783 a
453 741 673 785 maioribus
702 740 976 798 imprimisque
1006 741 1055 784 ab
1087 741 1264 785 Homero
1293 741 1447 787 traditis
1476 739 1591 785 fldem
1621 740 1809 785 nonha-

261 810 352 867 bet3
383 824 485 867 quas
507 811 621 856 more
642 812 911 870 sophistarum
933 809 970 863 Ι)
1002 819 1084 856 non
1104 813 1198 856 raro
1219 825 1294 870 per
1322 812 1652 871 significationem
1672 817 1808 869 quan-

262 881 354 925 dam
384 883 639 938 interpretari
669 882 809 927 studet
838 889 879 926 et
907 884 960 927 ita
991 883 1167 938 invertit,
1196 889 1239 927 ut
1268 883 1401 927 studio
1432 892 1506 927 suo
1536 887 1808 940 spectatorum

259 954 551 996 movendorum
572 954 759 997 convenit
782 954 839 1004 ²).
871 952 968 996 Cum
999 955 1121 1012 igitur
1151 954 1438 1011 philosophiam
1469 955 1691 998 aretissime
1719 959 1806 998 tra·

258 1023 418 1081 goediis
448 1025 616 1079 intexat,
648 1025 787 1067 mirum
818 1037 900 1067 non
942 1032 1018 1079 est,
1057 1026 1278 1070 sententias
1315 1026 1419 1070 iusto
1456 1025 1594 1082 plures
1635 1025 1686 1069 de
1727 1025 1806 1067 mi—

257 1095 365 1138 seria
396 1095 581 1150 hominis,
612 1094 664 1138 de
694 1096 735 1138 vi
766 1095 985 1138 divitiarum
1006 1101 1045 1138 et
1072 1096 1332 1152 paupertatis,
1364 1095 1414 1139 de
1436 1095 1629 1152 sapientia
1650 1102 1700 1139 a‘e
1718 1094 1806 1137 vir-

254 1170 353 1218 tute,
386 1165 437 1208 de
470 1166 687 1222 voluptate,
720 1165 771 1208 de
802 1166 967 1209 amicitia
998 1165 1168 1221 aliisque
1197 1166 1321 1209 rebus
1351 1166 1391 1208 in
1434 1165 1579 1210 fabulis
1609 1164 1808 1221 Euripidis

257 1236 446 1291 reperiri,
478 1236 527 1278 ita
559 1241 604 1279 ut
635 1248 713 1279 non
742 1248 838 1279 raro
868 1237 968 1279 istae
999 1237 1354 1279 commentationes
1374 1236 1424 1279 ad
1454 1248 1647 1280 nauseam
1679 1246 1807 1291 usque

261 1306 561 1362 portendantur
580 1306 900 1364 tragoediaeque
918 1306 1196 1364 philosophiae
1216 1305 1420 1363 Euripidis
1439 1306 1554 1350 nimis
1574 1305 1809 1350 inserviant.

375 1377 495 1418 Hisee
534 1378 731 1432 expositis
770 1377 977 1430 iudicium,
1019 1377 1127 1432 quod
1170 1377 1461 1432 Aristophanes
1515 1376 1567 1418 de
1614 1376 1807 1431 Euripide

259 1445 353 1500 fert,
384 1447 583 1490 neminem
615 1446 881 1490 admiratione
911 1447 1067 1491 afficiet.
1100 1446 1278 1502 Namque
1295 1446 1525 1501 Euripides,
1554 1458 1643 1488 cum
1673 1445 1808 1501 philo-

258 1516 412 1572 sophus
444 1522 555 1560 esset
584 1517 959 1573 philosophiamque
990 1517 1225 1573 tragoediae
1268 1517 1484 1570 insereret,
1525 1516 1680 1558 comico
1711 1526 1808 1569 per-

261 1599 359 1630 sona
392 1587 464 1630 fuit
494 1588 711 1643 aptissima,
742 1600 860 1642 quam
899 1587 948 1630 ad
993 1587 1200 1630 ridendum
1245 1586 1478 1639 induceret,
1508 1585 1691 1640 quoniam
1731 1595 1807 1626 eo-

262 1658 353 1700 mici
384 1657 646 1714 philosophos
677 1658 824 1701 acerbe
853 1656 988 1700 ridere
1008 1656 1155 1710 solent,
1185 1661 1229 1700 ut
1255 1656 1531 1713 exposuimus.
1561 1654 1696 1710 ltaque
1726 1664 1806 1697 non

263 1734 329 1771 est
365 1729 528 1782 mirum,
564 1728 673 1783 quod
717 1729 916 1781 comicuS‚
948 1729 1015 1783 qui
1054 1728 1265 1770 discrimen
1306 1728 1411 1770 inter
1450 1725 1733 1783 philosophum
1769 1728 1809 1766 et

264 1799 485 1855 sophistam
517 1799 722 1855 cognitum
746 1804 836 1840 ‘non
854 1798 986 1850 habet,
1016 1796 1248 1852 Euripidem
1280 1797 1498 1852 perfectum
1520 1807 1568 1837 ac
1596 1790 1807 1837 ridiculum

262 1870 477 1926 sophistam
508 1869 618 1924 facit,
649 1869 883 1925 praesertim
915 1881 1005 1912 cum
1036 1863 1253 1923 Euripides
1284 1866 1333 1910 ab
1365 1862 1453 1910 arte
1492 1859 1702 1909 dialectica
1725 1856 1808 1908 'so-

261 1941 480 1997 phistarum
524 1952 608 1984 non
648 1940 865 1983 abhorreat
889 1940 929 1990 ⁸)
975 1940 1015 1982 in
1051 1938 1264 1994 multisque
1310 1937 1433 1981 rebus
1477 1936 1565 1980 illos
1602 1939 1809 1990 sequatur.

334 2128 398 2170 97)
432 2128 486 2164 cf.
520 2127 642 2164 Valek.
674 2138 710 2173 p.
741 2124 823 2163 236.
847 2124 945 2170 {Dicit
984 2129 1110 2170 poeta·
1150 2118 1176 2169 ὁ
1214 2122 1314 2177 νοῦς
1349 2117 1433 2183 γᾶρ
1473 2116 1574 2181 ἡμῖν
1611 2116 1729 2166 ἐστιν
1764 2115 1810 2165 ἐν

261 2183 429 2243 ἑκάστῳ
459 2182 583 2239 θεός.

332 2256 394 2299 98)
416 2255 470 2293 cf.
495 2256 595 2303 Diog.
619 2255 655 2291 L.
678 2254 721 2299 11,
745 2267 775 2292 c.
793 2258 829 2293 3.

333 2315 397 2360 99)
418 2316 499 2351 vnlc
501 2315 534 2350 k.
558 2315 583 2354 Ι.
605 2315 629 2352 l.
655 2326 689 2360 p.
711 2313 759 2350 30
781 2326 855 2363 seq.

311 2374 398 2415 200)
424 2373 476 2411 Cf.
502 2385 534 2412 e.
558 2385 593 2422 g.
619 2373 774 2410 Cretens.
800 2374 842 2412 fr.
866 2374 900 2411 2.
925 2372 999 2411 Hel.
1025 2370 1126 2408 1318.
1151 2369 1218 2407 Ed.
1241 2370 1361 2406 Mitller
1384 2370 1408 2407 l.
1433 2370 1456 2407 Ι.
1481 2380 1515 2416 p.
1540 2370 1599 2407 40.

361 2436 397 2476 1)
423 2433 526 2469 Lehrs
551 2433 597 2469 de
621 2433 802 2470 Aristarch.
825 2444 860 2479 p.
886 2433 931 2470 47
956 2443 1031 2479 seq.

359 2493 396 2535 2)
420 2492 472 2528 Cf.
498 2505 531 2529 e.
554 2505 587 2541 g.
612 2493 665 2530 El.
691 2504 726 2530 v.
753 2491 823 2528 730
845 2502 919 2540 seq.
944 2492 1020 2528 Tro.
1046 2489 1244 2528 9654)ae
1269 2488 1427 2525 Comicus
1450 2488 1584 2524 rhun.
1606 2497 1643 2522 v.
1669 2484 1737 2522 912
1759 2484 1810 2520 ri-

264 2551 323 2586 det
355 2550 521 2586 Helenam
554 2552 746 2598 Euripidis,
778 2563 877 2598 quam
914 2549 1145 2587 Stesichorum
1177 2550 1325 2585 imitatus
1359 2547 1511 2583 mutavit.
1557 2543 1612 2584 Cf.
1634 2542 1808 2580 Fritncho

265 2610 311 2645 ad
334 2610 345 2645 l
383 2610 407 2645 l.
562 2611 564 2613 ’

359 2667 402 2712 3)
429 2668 481 2706 cf.
507 2679 538 2704 e.
564 2680 598 2716 g.
625 2669 702 2705 Ant
693 2680 762 2715 op
765 2669 827 2739 Ἇῐτ.
852 2666 947 2706 29’
923 2686 972 2714 εκ
999 2663 1165 2721 παντός
1194 2662 1247 2713 ἄν
1276 2682 1344 2737 τις
1372 2660 1625 2724 πράγματος
1653 2661 1812 2709 δισσῶν

265 2724 405 2786 λόγων
433 2723 582 2786 α’γῶνα
610 2730 727 2774 θεῖτ’
757 2720 832 2782 ἂν,
864 2725 905 2773 εἰ
941 2725 1078 2787 λέγειν
1117 2726 1186 2787 εἴη
1205 2719 1354 2787 σοφός.
1392 2734 1507 2783 Αιιιῑς.
1530 2734 1570 2772 n·
1584 2728 1619 2775 2.
1641 2733 1717 2782 Hip.
1741 2732 1811 2774 vel.

260 2799 304 2839 fr.
332 2799 389 2838 12.
