1982 3007
1011 83 1078 139 48

270 223 311 264 in
341 221 597 278 supplicibus
626 222 809 267 'theseus
841 227 883 267 et
912 225 1078 271 nuntius
1121 227 1171 271 ab
1202 224 1816 285 Argivis--miffldewopun

269 293 437 335 civitatis
467 294 700 336 conditione
730 293 935 347 disputant
966 297 1027 344 (v.
1058 296 1335 349 390-450),
1365 297 1405 338 ἰιι
1427 292 1815 342 {tuumne-um

268 362 390 405 modo
419 364 524 406 inter
554 375 601 406 se
628 362 808 406 rixantur
826 362 968 407 Jolaos
990 369 1032 409 et
1053 365 1241 424 Copreus
1255 377 1422 423 ¹praeco
1451 367 1514 417 (v.
1539 363 1813 422 tes-mans„

267 433 435 476 ridicule
465 433 555 476 fere
595 433 756 476 Hecuba
788 439 829 476 et
859 434 1010 477 Helena
1050 435 1088 477 in
1129 436 1353 480 'l'roadibus
1395 436 1528 493 iurgio
1569 437 1820 486 comat,

267 516 403 546 coram
434 503 618 547 Menelao
650 502 803 556 iudice,
833 508 964 545 utrum
995 504 1146 548 Helena
1189 506 1390 562 supplicio
1428 507 1482 550 sit
1510 505 1654 563 digna·
1679 517 1811 552 nom

263 575 327 625 (v.
354 572 651 625 907—1026).
712 573 828 623 Quae
858 586 948 616 cum
979 575 1033 617 ita
1063 576 1162 628 sint,
1191 576 1421 631 Euripides,
1440 578 1810 632 quamquam-*lpse

266 656 289 686 a
320 643 443 687 rebus
473 644 642 699 publicis
682 644 836 687 alienus
878 644 918 688 in
959 645 1214 703 demagogos
1250 645 1371 689 haud
1388 658 1488 690 raro
1507 655 1510 658 ⁴
1528 647 1729 693 invehitur
1748 643 1810 697 ³⁸)

265 726 344 756 nec
374 715 527 769 patriae
557 727 696 757 amore
725 720 839 758 earet
860 712 942 769 ⁷⁷),
972 716 1011 758 in
1042 716 1256 759 irrisiones
1298 718 1540 760 coniicorum
1570 718 1810 772 incurreret,

265 797 438 828 necesse
483 785 577 838 suit,
616 787 769 842 quippe
809 786 878 840 qui
923 791 1109 829 oratores
1161 798 1310 841 prauos
1334 792 1393 830 -et
1434 788 1503 842 qui
1541 787 1620 831 illis
1658 786 1809 841 fauent,

264 857 436 898 maxime
467 855 673 898 irrideant.
733 855 839 905 Quid
884 856 1006 913 igitur
1044 857 1211 910 mirum,
1243 857 1356 912 quod
1386 858 1685 913 Aristophanes
1709 858 1806 902 itta

264 928 317 969 ita
349 932 487 983 auget,
519 931 562 969 ut
591 925 824 981 Euripidem
858 925 1131 983 demagogum
1163 932 1354 983 tamquam
1385 927 1808 984 perfectum-*nidmu

262 998 329 1052 qui
359 998 531 1040 iuvenes
560 1002 673 1040 artes
703 995 974 1053 sophistarum
1002 997 1161 1051 doceat,
1191 1004 1232 1041 et
1262 998 1416 1053 efficiat,
1447 999 1696 1043 ut-Athenae
1714 999 1801 1043 de-

262 1069 446 1123 magogis
476 1068 767 1122 compleantur,
807 1068 1046 1121 praesertim
1076 1080 1167 1109 oum
1196 1068 1414 1124 Euripides
1439 1082 1523 1111 non
1543 1081 1645 1112 *raro
1676 1071 1805 1112 maio—

262 1150 346 1181 rem
378 1138 598 1181 orationem
630 1142 670 1180 et
699 1138 891 1180 minorem
924 1133 1122 1196 (κρείττω
1152 1133 1227 1182 καὶ
1257 1131 1374 1197 ἥττω
1403 1130 1556 1196 λόγον)
1595 1131 1805 1195 spectato-

261 1210 373 1251 ribus
403 1215 620 1264 proponat.
651 1209 782 1262 Adde,
813 1208 920 1263 quod
950 1209 1167 1264 Euripides
1208 1211 1325 1253 etiam
1364 1211 1510 1252 nuntiis
1550 1222 1675 1264 saepe
1700 1221 1803 1252 m-

262 1280 392 1322 tiones
417 1280 536 1322 nimis
567 1279 712 1336 longas
743 1284 959 1333 partesque
989 1279 1178 1323 honestas
1200 1280 1390 1334 attribuit,
1422 1281 1572 1335 quippe
1602 1280 1683 1334 qui,
1711 1291 1802 1322 cm

261 1350 391 1392 omnia
423 1349 473 1391 ad
505 1354 679 1392 mentem
709 1349 877 1390 hominis
907 1349 1058 1391 referat
1088 1356 1129 1391 et
1158 1363 1212 1392 ex
1241 1351 1435 1405 sapientia
1466 1349 1554 1393 sola
1578 1362 1626 1391 ao
1653 1350 1802 1392 virtute

259 1419 441 1463 homines
473 1432 567 1462 esse
598 1417 837 1462 iudicandos
867 1419 1036 1473 iuraque
1081 1425 1175 1463 nata
1216 1420 1401 1464 omnibus
1442 1418 1666 1463 hominibus
1707 1429 1803 1463 esse

258 1496 437 1543 censeat,
467 1491 588 1532 multo
619 1489 781 1546 dignius
812 1488 863 1530 de
893 1490 1049 1542 servis,
1079 1502 1199 1544 quam
1239 1491 1448 1544 quisquam
1485 1490 1588 1532 alius
1615 1490 1802 1544 scriptor

258 1562 504 1617 antiquitatis
534 1561 679 1604 sentiat
706 1559 776 1608 ⁷⁸).
808 1559 1085 1604 Athenienses
1115 1566 1249 1605 autem
1288 1557 1803 1604 moribus³maioru1n=ad-

258 1633 366 1686 dicti,
396 1631 501 1688 apud
532 1644 635 1687 quos
667 1637 806 1674 natura
838 1631 1062 1686 praevaluit
1091 1636 1133 1674 et
1164 1631 1232 1686 qui
1262 1631 1303 1673 in
1334 1631 1516 1674 omnibus
1545 1630 1669 1674 rebus
1696 1629 1803 1672 eivi-

259 1705 350 1747 tatis
381 1703 469 1747 fere
500 1703 629 1747 solius
658 1703 856 1745 rationem
899 1701 1145 1755 habuerunt,
1184 1701 1289 1744 illam
1327 1703 1561 1745 sententiam
1593 1699 1803 1757 Euripidis

258 1775 436 1829 probare
466 1786 549 1817 non
581 1778 811 1828 potuerunt.
871 1772 1010 1826 ltaque
1055 1784 1136 1814 non
1171 1777 1234 1814 est
1275 1772 1441 1825 mirum,
1470 1771 1581 1827 quod
1610 1772 1804 1823 comicus,

256 1846 326 1899 qui
356 1845 514 1888 illorum
545 1843 767 1887 sententias
797 1842 993 1896 defendit,
1024 1841 1270 1897 Euripidem,
1300 1841 1406 1897 quod
1435 1841 1628 1884 nullarum
1658 1846 1804 1896 persu-

257 1929 395 1959 narum
438 1916 638 1958 delectum
680 1914 847 1964 habeat,
877 1912 1029 1956 irridet.
1087 1912 1303 1967 Euripides
1342 1912 1465 1968 igitur
1494 1925 1594 1954 eum
1633 1913 1802 1954 maxime

256 2000 420 2041 sensus,
452 1987 665 2043 appetitus,
696 1986 897 2028 motiones
938 1984 1056 2027 animi
1092 1983 1133 2026 in
1163 1982 1351 2039 personis
1385 1982 1470 2027 suis
1509 1986 1722 2038 proponat,
1741 2011 1743 2013 >
1761 1982 1804 2026 ut

255 2058 345 2114 ipse
375 2057 587 2114 profitetur
615 2056 699 2109 ⁷⁹),
730 2056 884 2099 animos
920 2059 1198 2110 spectatorum
1238 2065 1404 2096 movere
1447 2058 1488 2095 et
1525 2052 1801 2096 misericordia

325 2231 390 2277 76)
416 2232 467 2267 Cf.
491 2243 546 2270 ex.
569 2242 620 2278 gr.
645 2229 756 2267 Orest.
781 2241 814 2268 v.
839 2230 928 2274 764,
952 2228 1035 2267 904.
1059 2229 1144 2266 fleo.
1169 2240 1203 2265 v.
1228 2228 1318 2273 253,
1341 2227 1435 2274 8843
1470 2226 1570 2274 Hipp.
1593 2225 1688 2271 ⁴895
1708 2224 1799 2270 &53

254 2292 383 2327 Phoen.
414 2292 517 2334 10203
546 2291 627 2334 Sup.
651 2300 685 2325 v.
710 2289 920 2333 480-485,
954 2288 1077 2325 Troad.
1099 2287 1186 2332 9673
1212 2288 1294 2323 Bac.
1318 2287 1398 2325 268.
1446 2287 1499 2322 Ad
1524 2292 1664 2332 poeta·
1687 2287 1797 2331 ipsum

254 2355 409 2396 spectant
444 2349 549 2384 verba
575 2350 713 2394 Antiop.
745 2349 786 2387 fr.
811 2349 858 2385 23
891 2342 1000 2407 ἀνήρ
1030 2339 1113 2407 γὰρ
1143 2340 1266 2400 ὅστις
1295 2371 1351 2379 —
1381 2345 1614 2404 μολπαῖσιν
1643 2338 1800 2404 ἦσθεὶς

254 2404 483 2469 -·α’ρνὸς
512 2406 589 2465 μὲν
618 2405 745 2452 πόλει
776 2404 1015 2467 γενήσεται.
1051 2417 1103 2453 cr.
1129 2416 1250 2456 vaick.
1274 2417 1361 2456 unat,
1386 2430 1419 2463 ρ.
1443 2417 1514 2454 254
1536 2428 1613 2463 seq.

324 2478 388 2523 7⁷)
413 2477 585 2523 Euripidi·
608 2479 734 2525 patriae
760 2488 909 2514 amorem
933 2486 1150 2523 summopere
1174 2475 1287 2512 laudat
1317 2477 1460 2523 Lycurg.
1490 2477 1525 2511 ln
1549 2475 1671 2510 Leocr.
1695 2482 1726 2511 ο.
1751 2474 1799 2509 23

274 2538 424 2581 Osann).

251 2539 271 2585 (
325 2598 386 2641 78)
411 2596 463 2635 Cf.
488 2596 569 2632 nec.
594 2608 626 2633 v.
650 2595 732 2633 330.
757 2596 921 2634 Androm.
945 2595 1025 2633 628.
1050 2595 1123 2632 Alc.
1150 2595 1228 2632 785.
1259 2594 1338 2632 Jon.
1368 2593 1451 2630 863.
1487 2592 1567 2628 Bac.
1596 2590 1697 2629 1015.
1720 2590 1796 2628 Hel.

253 2657 324 2693 730
346 2656 387 2692 at.
413 2656 451 2692 F.
476 2657 517 2692 A.
543 2654 692 2694 Goebel:
716 2655 833 2701 Eurip.
858 2655 902 2689 de
926 2656 987 2691 vit.
1011 2655 1098 2700 priv.
1122 2665 1164 2690 ac
1188 2655 1333 2692 domest.
1358 2651 1441 2698 quid
1464 2651 1618 2687 renuerit.
1660 2650 1798 2686 Monta.

256 2716 360 2761 1849,
384 2727 417 2762 p.
442 2715 488 2753 58
512 2726 587 2762 seq.
611 2721 648 2751 et
673 2726 707 2762 q.
731 2715 754 2753 Ι.
779 2715 803 2755 1.

323 2777 387 2820 79)
413 2776 467 2814 Cf.
489 2775 579 2813 Med.
605 2787 638 2814 v.
668 2775 733 2811 190
756 2786 832 2821 seq.
