1982 3007
873 53 943 102 '2³

140 198 183 236 at
204 191 538 249 philosophom-
567 192 765 249 ’princeps
804 190 1035 250 tragoedia
1072 189 1290 248 Euripiffla.
1315 201 1413 247 prae
1450 190 1528 235 illis
1556 195 1673 235 oete-

139 274 275 308 acrum
304 263 554 321 tragicorum.
576 268 687 307 tanto
715 263 757 305 in
786 262 942 306 honore
979 261 1173 315 liaberet,
1199 267 1258 315 ut,
1287 263 1469 317 mauvis
1498 275 1522 303 a
1550 262 1673 305 fabu-

139 335 192 378 lis
213 335 438 390 spectandis
471 335 721 387 abstineret,
736 333 950 389 Euripidis
987 333 1106 377 navis
1133 332 1281 377 fabulis
1309 331 1478 389 agendis
1509 332 1674 375 adesset

139 410 182 450 et
208 404 276 450 vel
305 405 345 449 in
361 404 653 458 Piraeum‚=ubi
681 408 847 448 veteres
873 403 1032 447 fabulae
1063 409 1105 447 et
1132 414 1299 459 quarum
1327 402 1601 446 docendarum
1631 403 1672 445 in

138 476 239 533 urbe
268 476 385 532 copia
406 475 516 520 facta
544 487 626 518 non
656 480 758 529 erat,
785 475 927 519 doceri
954 476 1097 520 rulime
1125 480 1235 527 sunt,
1263 475 1299 518 si
1327 474 1564 532 tragoediae
1584 473 1672 518 Eu-

140 543 280 603 ripidis
308 546 548 603 agebantur,
586 551 807 601 spectatum
843 546 930 589 iret.
989 546 1078 589 Ael.
1109 546 1157 589 V.
1187 546 1236 589 Η.
1266 545 1323 600 ll,
1355 544 1430 607 ¹73²
1472 543 1529 589 Εὶ·
1565 558 1674 588 ποτε

143 610 378 674 Εὐριπίδης
429 610 658 673 ἠγωνίζετο
706 615 870 666 καινοῖς
917 614 1174 672 τραγῳδοῖς,
1212 608 1314 659 ‘crite
1353 629 1403 672 γε
1452 609 1674 673 ἀφικνεῖτο

139 688 214 739 (sc.
241 681 266 732 ὁ
295 677 563 744 Σωκράτης),
592 681 667 729 καὶ
687 685 889 744 Πειραιοῖ
918 682 971 729 δὲ
997 680 1304 743 ἀγωνιζομένου
1331 683 1412 730 τοῦ
1437 678 1674 742 Εὐριπίδου

139 755 209 803 καὶ
238 754 328 802 ἐκεῖ
343 750 506 814 κατῄει.
538 756 651 807 Quae
680 769 769 800 cum
800 758 853 799 ita
883 757 976 810 sint,
1004 756 1218 811 Euripides
1250 758 1367 799 etiam
1396 758 1436 799 in
1468 756 1676 800 Palamede

139 829 450 874 AtheniensiBus
481 827 650 872 caedem
678 827 857 873 Socratis
876 826 1150 885 exprobrasse
1181 827 1308 872 dictus
1328 833 1393 872 est
1410 826 1546 871 verbis
1576 826 1675 872 illis:

407 902 568 954 ἐκάνεΐ
598 902 767 954 ἐκάνετε
793 902 872 955 τᾶν
899 904 1124 966 πάνσοφον
1152 899 1193 950 ὦ
1217 903 1398 965 Δάναοι,

404 974 484 1025 τᾶν
513 975 641 1025 οὐδὲν
668 973 930 1037 ἀλγύνουσαν
959 974 1124 1040 ἆηδόνα
1152 979 1339 1026 Μουσᾶν

405 1048 663 1103 πεισθέντες
689 1045 816 1109 ἀνδρὶ
844 1049 971 1107 δεινῷ
997 1066 1048 1096 τε
1077 1048 1213 1110 λέγειν
1240 1050 1312 1096 καὶ
1340 1045 1525 1096 εἶναιδεῖ.

142 1135 197 1178 At
225 1133 455 1177 Palamedes
499 1134 563 1177 01.
593 1133 676 1187 91,
707 1135 728 1176 1
770 1140 858 1178 acta
898 1141 960 1178 est
979 1131 1053 1185 ⁶⁷).
1114 1134 1384 1186 Quamobrem
1414 1136 1676 1179 Valckenaer.

142 1205 345 1250 Socratem
391 1204 505 1248 simili
547 1203 666 1248 modo
712 1218 761 1248 ac
801 1204 1054 1249 Palamedem
1084 1204 1190 1248 diem
1220 1218 1446 1261 supremum
1477 1206 1676 1249 obiturum

110 1298 115 1303 .
140 1286 249 1330 esse,
278 1276 458 1332 Euripidi
487 1277 718 1332 praevisum
748 1276 874 1319 fuisse
916 1277 1128 1320 arbitratur
1150 1276 1234 1330 ⁰⁸),
1263 1277 1489 1320 Boeckliius
1531 1289 1676 1320 versus

139 1347 231 1391 illos
261 1347 309 1390 ab
339 1346 644 1403 interpolatore,
674 1359 765 1390 cum
796 1346 929 1390 fabula
960 1348 1101 1390 iterum
1131 1347 1364 1401 doceretur,
1395 1360 1489 1390 csse
1518 1358 1676 1402 suppo-

67 1438 75 1443 ·
140 1419 241 1462 sitos
270 1417 416 1461 iudicat
439 1418 514 1469 ⁶⁹).
557 1417 663 1468 Quid
703 1418 924 1461 faciendum
963 1419 1033 1471 sit,
1075 1418 1125 1463 0.
1162 1418 1348 1471 satanins,
1379 1419 1441 1460 vir
1484 1431 1677 1471 summus,

139 1488 324 1533 ostendit.
385 1490 519 1533 Verba
557 1490 662 1532 enim
702 1489 770 1533 illa
809 1489 935 1532 choro
958 1483 1066 1549 Jsunt
1094 1488 1327 1543 tribuenda,
1358 1489 1425 1545 qui
1455 1488 1675 1532 Palamedis

136 1560 336 1616 supientiav
368 1564 408 1603 et
444 1560 590 1603 virtute
619 1559 783 1602 illustris
812 1560 966 1602 tristem
996 1565 1148 1603 sortem
1179 1559 1290 1603 dolet
1316 1559 1389 1612 ⁷⁰),
1434 1572 1565 1615 neque
1593 1559 1677 1603 ullo

137 1631 255 1673 modo
284 1631 464 1687 tragicus
492 1630 699 1675 Socratem
728 1631 926 1687 respexit.
966 1630 1079 1674 Licet
1107 1628 1232 1689 igitur
1260 1630 1453 1675 Socrates
1483 1636 1524 1673 et
1551 1630 1677 1673 Euri-

136 1701 251 1756 pides
280 1713 434 1745 summa
464 1701 567 1744 inter
597 1714 645 1744 se
675 1702 736 1744 usi
767 1701 847 1745 sint
875 1701 1155 1754 familiaritate,
1185 1707 1319 1745 tamen
1358 1704 1565 1746 Socratem
1596 1701 1678 1744 Eu-

136 1771 270 1827 ripidi,
300 1771 409 1826 quod
439 1770 491 1814 ad
519 1776 646 1815 ‘artem
676 1773 867 1829 tragicam
899 1773 1052 1827 attinet,
1082 1773 1249 1829 palmam
1278 1772 1467 1816 tribuisse
1496 1785 1576 1815 non
1605 1785 1679 1816 sa-

137 1843 188 1885 tis
218 1847 387 1885 constat.
417 1842 644 1886 Sententias
673 1842 832 1897 quidem
872 1843 1071 1899 Euripidis
1115 1844 1314 1887 interdum
1353 1845 1468 1887 etiam
1500 1844 1678 1888 Socratis

136 1912 447 1969 indignationem
470 1913 670 1967 movisse,
699 1915 813 1956 testis
844 1920 907 1957 est
935 1914 1144 1970 Diogenes
1174 1914 1217 1957 1..
1249 1913 1296 1968 ll,
1327 1913 1406 1958 33:
1439 1906 1679 1972 Εὐριπίδου

137 1978 223 2027 δ’ἕν
251 1979 307 2042 τῇ
335 1975 450 2041 Αὔγῃ
480 1977 678 2035 εἰπόντος
705 1981 804 2041 περὶ
835 1977 991 2042 ἀρετῆς
1027 1978 1283 2040 „aedua-ccv
1324 1978 1418 2041 εἰκῇ
1451 1983 1573 2029 ταῦτ’
1603 1981 1678 2027 ἐᾶν

138 2047 379 2111 ἇφειμένα“
416 2047 607 2104 ἅναστᾶς
638 2051 800 2111 ἐξῆλθε
836 2050 1005 2111 φήσας,
1041 2054 1210 2112 γελοῖον
1248 2047 1371 2110 εἶναι,
1413 2048 1680 2113 ἀνδράποδον

135 2120 212 2180 μὲν
238 2117 297 2181 μὴ
327 2117 626 2181 εἰρισκόμενον
656 2117 807 2179 α’ξιοῦν
837 2122 994 2183 ζητεῖν,
1023 2119 1182 2183 α’ρετήν
1209 2119 1389 2177 δὀὕτως
1412 2123 1488 2170 ἐᾶν
1506 2120 1678 2170 ἀπολω-

137 2192 267 2238 λέναι.
328 2194 555 2249 Sapientiae
586 2208 705 2238 causa
737 2196 848 2238 Plato
880 2208 1045 2252 quoque
1074 2197 1307 2252 Euripidem
1338 2197 1486 2239 ceteris
1515 2196 1680 2252 tragicis

137 2265 347 2321 praeferre
389 2264 549 2307 videtur
588 2264 640 2306 de
680 2278 771 2321 rep.
809 2266 917 2320 vm,
946 2280 988 2322 p.
1018 2266 1126 2310 568:
1169 2260 1200 2324 ἧ
1239 2281 1287 2310 τε
1315 2261 1537 2324 τραγῳδία
1566 2259 1680 2314 ὅλως

139 2327 276 2393 σοφὸν
305 2332 428 2377 δοκεῖ
456 2324 566 2377 εἶναι
595 2328 670 2377 καὶ
697 2327 724 2377 ὁ
755 2327 997 2395 Εὕριπίδης
1014 2333 1230 2396 διαφέρων
1250 2333 1296 2380 ἐν
1314 2329 1436 2394 αὐτῇ.
1467 2337 1528 2379 Ne
1547 2336 1680 2390 multa,

206 2569 271 2614 67)
295 2568 348 2605 Cf.
371 2567 446 2604 Aul.
469 2565 529 2613 111,
550 2566 586 2604 8.
611 2567 769 2615 Hartung.
793 2568 816 2607 l.
838 2569 861 2606 l.
885 2568 928 2614 ΙΙ,
953 2581 986 2616 p.
1009 2569 1081 2607 2³0
1103 2581 1176 2617 seq.

207 2627 271 2671 68)
296 2626 349 2663 Cf.
372 2626 492 2665 Valck.
515 2625 601 2664 Diat.
627 2637 661 2672 p.
690 2625 768 2663 19¹.

207 2685 273 2729 ⁶9)
298 2685 458 2722 Boeckhe
481 2685 528 2721 de
548 2685 606 2724 Gr.
629 2684 684 2723 Tr.
707 2686 816 2731 princ.
842 2697 876 2731 p.
905 2685 983 2723 18⁵.

210 2743 272 2787 70)
296 2743 349 2783 Cf.
374 2742 412 2781 0.
435 2743 547 2784 Jahn:
570 2743 742 2782 Palamed.
765 2756 799 2792 p.
827 2745 882 2791 13,
910 2744 965 2784 18.
