1982 3007
971 160 1044 209 w

231 308 393 349 versuS‚
434 297 582 351 quibus
622 297 730 342 illum
772 298 826 341 ob
856 298 1105 353 felicitatem,
1136 311 1215 355 qua
1256 299 1371 343 vivus
1408 311 1510 345 usus
1547 300 1599 344 sit
1638 304 1680 343 et
1718 298 1772 342 ob

231 369 514 424 praestantiam
545 369 640 411 artis
670 369 850 426 tragicae
879 369 1107 424 praedicat:

441 428 607 496 Μάκαρ
637 435 898 497 Σοφοκλέης,
927 432 977 490 ὃς
1006 433 1142 484 πολύν
1171 435 1324 495 χρόνον
1352 432 1480 495 βιούς

442 501 677 562 ἀπέθανεν,
707 502 924 564 εὐδαίμων
952 503 1060 567 ἀνὴρ
1089 507 1160 554 καὶ
1188 505 1345 564 δέξιος,

440 572 608 631 πολλᾶς
635 573 821 638 ποιήσας
846 576 917 623 καὶ
946 573 1083 632 καλᾶς
1109 577 1355 639 τραγῳδίας

440 649 582 702 καλῶς
612 646 856 710 ἐτελεύτησ’
884 642 1015 696 οῦδὲν
1044 645 1281 707 ὑπομείνας
1309 643 1450 696 κακόν.

230 732 388 776 Poesim
418 732 631 788 Sophoclis
661 733 737 777 illis
771 746 933 790 quoque
962 734 1098 778 verbis
1126 734 1277 788 laudat,
1308 747 1413 790 quae
1443 734 1651 791 Diogenes
1681 746 1772 777 mo-

231 804 383 846 moriae
414 803 606 858 prodidit,
636 805 704 858 qui
748 805 1016 849 Philemonem
1063 807 1252 861 imprimis
1296 794 1599 863 φιλοσοφόκλη
1643 804 1771 849 fuisse

229 873 415 929 perhibet
445 874 566 929 idque
597 876 769 917 maxime
798 876 838 917 in
867 876 944 918 illis
973 877 1090 925 locis,
1119 877 1186 919 ubi
1217 876 1437 919 secundum
1475 877 1668 918 comicum
1699 888 1772 918 ca-

230 946 292 987 nis
322 944 479 999 quidam
510 944 749 990 Molossicus
778 947 819 989 in
850 948 1137 1002 componendis
1168 947 1408 991 carminibus
1449 960 1541 991 eum
1571 945 1774 995 adiuvisse

230 1015 439 1058 videretur
468 1020 509 1057 et
538 1015 763 1058 secundum
804 1017 1069 1073 Phrynichum
1099 1031 1235 1074 neque
1274 1023 1447 1061 mustum
1488 1023 1601 1062 esset
1639 1030 1773 1072 neque

229 1088 364 1130 vinum
402 1087 592 1141 mixtum,
633 1087 706 1130 sed
756 1089 1004 1143 Pramnium,
1044 1089 1333 1133 nobilissimum
1377 1089 1460 1132 vini
1489 1099 1635 1145 genus,
1677 1080 1777 1142 „013

230 1151 376 1213 γλύξις
405 1155 495 1201 οὐδ’
535 1149 752 1212 ὑπόχυτος
790 1149 905 1202 ἀλλὰ
933 1154 1199 1217 Πράμνιος,“
1239 1173 1343 1215 quae
1388 1159 1513 1201 verba
1555 1172 1609 1201 ex
1645 1158 1773 1201 unsis

230 1241 325 1271 esse
356 1228 596 1283 deprompta
626 1230 829 1272 Meinekio
874 1230 977 1273 duce
1008 1230 1279 1278 affirmaverim
1301 1226 1376 1278 ⁸⁶).
1418 1230 1562 1285 Neque
1591 1228 1774 1284 philoso-

230 1299 296 1354 phi
328 1304 369 1342 et
398 1298 454 1341 illi
494 1298 787 1353 Athenienses,
813 1300 881 1356 qui
922 1301 961 1343 in
997 1300 1285 1357 philosophiam
1325 1301 1601 1343 incumbentes
1631 1311 1655 1341 a
1685 1299 1773 1353 pri-

230 1370 334 1413 stina
387 1369 595 1425 disciplina
634 1370 957 1429 declinaverant,
1004 1372 1193 1427 Sophocli
1243 1372 1400 1415 laudem
1452 1371 1772 1428 denegaverunt.

228 1440 347 1495 Apud
378 1440 689 1496 Xenophontem
719 1443 825 1485 enim
847 1443 1131 1486 Aristodemus
1162 1444 1313 1486 Parvus
1344 1456 1366 1485 a
1396 1444 1563 1487 Socrate
1592 1441 1770 1484 interro-

227 1517 360 1567 gatus,
391 1523 589 1565 quosnam
619 1512 801 1555 homines
831 1518 999 1568 propter
1028 1514 1263 1568 sapientiam
1295 1514 1465 1555 maxIme
1486 1512 1769 1562 admiraretur,

228 1582 473 1637 respondet:
506 1579 579 1625 ἐπὶ
607 1577 685 1636 μὲν
712 1578 856 1626 τοίνυν
886 1580 1003 1626 ἐπῶν
1022 1578 1198 1641 ποιήσει
1220 1577 1402 1641 Ὅμηρον
1432 1578 1565 1639 ἔγωγε
1580 1576 1770 1637 μάλιστα

228 1647 504 1708 τεθαύμακα,
535 1649 609 1697 ἐπὶ
639 1649 688 1697 δὲ
710 1648 973 1712 διθυράμβῳ
993 1651 1342 1711 Μελανιππίδην,
1373 1650 1446 1697 ἐπὶ
1475 1649 1525 1696 δὲ
1553 1648 1772 1710 τραγῳδίᾳ

228 1721 459 1783 Σοφοκλέα
489 1740 526 1768 κ.
556 1739 594 1769 τ.
626 1723 651 1767 λ
676 1724 746 1774 ⁸⁷).
778 1725 922 1780 Neque
964 1725 1196 1769 incredibile
1237 1731 1321 1779 est,
1350 1724 1672 1778 Aristodemum,
1703 1724 1771 1779 qui

230 1802 294 1839 est
325 1809 379 1838 ex
408 1808 579 1839 numero
609 1797 794 1850 illorum,
824 1799 891 1851 qui
931 1798 1163 1852 sapientiam
1202 1797 1371 1839 maxime
1401 1802 1609 1850 secuntur,
1637 1808 1772 1838 veram

229 1866 408 1910 Socratis
439 1866 566 1922 ipsius
597 1866 647 1909 de
673 1867 841 1924 tragicis
871 1868 1109 1911 sententiam
1141 1867 1292 1910 dicere.
1334 1867 1425 1922 lpse
1463 1866 1586 1920 Plato,
1615 1866 1681 1908 cui
1710 1865 1773 1908 si-

229 1937 433 1981 multatem
474 1950 565 1980 cum
605 1937 807 1993 Sophocle
855 1938 1005 1989 fuisse,
1055 1937 1289 1981 Athenaeus
1341 1937 1553 1979 ementitus
1609 1941 1672 1979 est
1692 1934 1774 1990 S¹³),

229 2009 380 2063 quippe
410 2008 493 2062 qui,
525 2020 616 2050 cum
645 2008 867 2062 Sophocles
898 2013 1081 2051 mortuus
1110 2013 1194 2060 est,
1223 2006 1459 2049 adolescens
1490 2007 1628 2063 viginti
1656 2007 1774 2049 trium

229 2089 424 2122 annorum
456 2077 577 2121 fuerit
599 2078 676 2132 89),
708 2078 922 2135 Sophoclis
948 2079 1136 2121 virtutem
1170 2078 1361 2135 tragicam
1383 2088 1515 2132 aeque
1545 2075 1678 2119 laudat
1694 2075 1774 2130 ⁹⁰),

229 2156 346 2206 atque
377 2151 443 2192 alii
473 2151 681 2202 Socratici,
713 2150 833 2193 veluti
864 2151 1044 2194 Simmias
1068 2152 1147 2201 ⁹¹).
1206 2150 1293 2192 Jam
1334 2147 1472 2199 vides,
1504 2148 1600 2203 quin
1631 2160 1772 2191 omnes

228 2222 497 2266 Athenienses
528 2234 682 2265 summa
712 2221 923 2278 Sophoclis
954 2221 1212 2265 admiratione
1258 2218 1406 2264 fuerint
1435 2217 1585 2274 affecti,
1614 2217 1774 2263 dubium

228 2305 310 2335 non
341 2305 450 2335 esse.
487 2315 539 2321 -

298 2502 363 2547 86)
388 2503 546 2540 Meineke
571 2503 593 2540 l.
619 2502 640 2539 1.

297 2576 363 2619 87)
390 2574 440 2610 Cf.
465 2574 554 2610 Xen.
579 2573 682 2610 Mem.
706 2571 735 2617 Ι,
760 2573 795 2617 4,
817 2571 852 2608 3.

297 2648 362 2689 88)
388 2647 516 2683 Athen.
539 2645 597 2689 xl,
622 2658 654 2691 p.
679 2644 746 2683 501
764 2645 798 2683 d.

296 2716 362 2759 89)
387 2715 437 2753 cf.
464 2716 602 2753 Boeclih
628 2717 671 2752 ad
695 2716 779 2753 Plat.
804 2716 874 2763 leg.
899 2727 934 2762 p.
960 2717 1041 2753 182.
1065 2715 1117 2750 De
1141 2713 1200 2752 Gr.
1222 2719 1263 2751 tr.
1286 2714 1395 2759 pii-e.
1418 2723 1453 2758 p.
1479 2710 1556 2748 123.

297 2788 363 2830 90)
387 2787 438 2823 Cf.
464 2788 610 2824 Phaedr.
635 2800 668 2833 p.
693 2787 813 2824 2683.
838 2788 975 2822 Schultz
1001 2786 1023 2822 Ι.
1049 2787 1071 2824 Ι.
1096 2799 1129 2832 p.
1159 2785 1236 2822 170.

298 2857 361 2904 91)
385 2856 436 2897 cf.
461 2857 599 2897 Anthol.
625 2857 694 2894 Pal.
719 2856 747 2902 1,
775 2855 855 2898 168.
879 2855 1014 2893 Schultz
1037 2855 1058 2892 l.
1083 2855 1105 2893 l.
1129 2867 1164 2903 p.
1191 2854 1256 2895 185
1282 2864 1354 2901 seq.
