1982 3007
949 134 1018 190 44

212 269 295 323 qui,
325 281 560 325 quamquam
591 273 755 330 ingenio
786 274 837 318 ad
868 274 1224 331 philosophandum
1247 273 1505 321 accomodate
1534 280 1576 320 et
1605 280 1752 334 argnto

212 338 420 393 praeditus
449 341 538 396 fuit,
566 349 696 387 tamen
727 345 921 399 moribus,
944 346 1137 390 institutis
1167 344 1373 388 sententiis
1403 345 1598 390 maiorum
1628 345 1750 393 dedi-

211 413 276 452 tus
307 409 395 465 suit,
426 424 508 466 quo
539 413 592 466 tit,
623 419 667 458 ut
695 415 856 459 fabulae
887 416 977 459 eius
1007 416 1186 459 moribus
1225 415 1370 459 civium
1410 415 1558 471 optime
1586 416 1752 474 prospi-

211 479 318 522 ciant
349 486 390 524 et
419 481 585 526 salutem
615 485 863 541 reipublicae
893 491 1080 542 augeant.
1134 487 1246 536 Quae
1275 486 1310 529 si
1339 490 1586 541 reputamus,
1615 498 1751 531 nonne

211 556 331 606 poeta
363 553 542 596 comicus
572 567 726 598 summa
758 557 1020 599 admiratione
1049 561 1091 599 et
1121 556 1238 599 laude
1267 556 1414 613 dignus
1443 561 1519 607 est,
1551 561 1593 600 et
1623 556 1752 604 oficio

212 627 365 679 poetae!
397 625 539 666 comici
581 628 731 679 optime
771 628 990 680 satisfecit,
1034 627 1142 681 quod
1190 627 1437 683 Aeschylum
1475 627 1526 671 ab
1569 626 1753 671 omnibus

211 690 361 737 artibus
391 693 660 751 sophistarum
692 695 867 744 alienum
898 697 1152 756 gravitatem,
1183 696 1426 755 dignitatem,
1456 707 1591 740 mores
1621 697 1750 741 maio-

209 774 299 805 rum
348 772 722 820 repraesentantem
774 771 985 825 virumque
1032 771 1194 811 omnino
1241 770 1475 812 bellicosum
1524 770 1752 823 virtuteque

210 834 408 889 insignem
440 837 601 881 inducat
630 839 821 893 illumque
852 841 1084 896 magistrum
1115 839 1272 882 virtutis
1317 844 1358 881 et
1393 839 1602 897 imaginem
1632 838 1755 885 forti·-

211 903 360 948 tudinis
390 905 569 963 Euripidi
598 909 765 967 garrulo
796 911 1008 967 opponat?
1050 909 1156 961 Quid
1187 909 1356 965 mirum,
1386 910 1496 966 quod
1526 915 1648 968 poeta
1677 921 1753 953 co-

210 977 337 1021 micus
368 978 408 1019 in
440 978 693 1038 demagogos
724 994 924 1037 persaepe
955 982 1154 1026 invehens
1193 981 1325 1035 illum,
1356 982 1425 1037 qui
1453 981 1598 1024 nimiae
1627 979 1751 1023 liber-

210 1047 279 1090 tati
317 1047 447 1103 plebis
490 1056 529 1095 et
569 1051 737 1096 ducibus
776 1053 913 1108 pravis
953 1053 1137 1098 inimicus
1175 1052 1254 1107 sit,
1284 1064 1371 1097 cum
1402 1050 1609 1108 Euripide,
1639 1051 1754 1096 cuius

209 1116 366 1160 fabulae
396 1122 552 1164 comico
582 1124 791 1178 imperium
822 1124 1082 1167 multitudinis
1118 1124 1309 1167 redolere
1338 1123 1539 1176 videntur,
1567 1134 1753 1178 pugnan-

211 1194 289 1231 tem
322 1189 471 1233 saciat?
490 1192 622 1247 vAtqui
652 1200 847 1249 quatenus
883 1196 1061 1252 gravitas
1092 1200 1135 1239 et
1162 1200 1244 1237 tota
1284 1194 1387 1237 ratio
1417 1192 1635 1236 fabularum
1665 1191 1754 1250 Ae-

211 1260 339 1315 sehyli
379 1262 541 1305 modum
582 1265 803 1318 excedant,
832 1278 908 1321 pro
950 1278 1063 1309 more
1110 1266 1355 1309 comicorum
1406 1264 1578 1321 egregie
1619 1262 1755 1312 docet,

211 1343 344 1385 neque
375 1333 454 1386 illa,
485 1347 588 1387 quae
619 1335 658 1376 in
700 1336 843 1378 fabulis
883 1337 959 1378 illis
999 1338 1097 1379 mira
1136 1342 1242 1389 sunt,
1271 1336 1397 1388 celat,
1426 1334 1605 1390 quamvis
1636 1334 1755 1377 etiam

211 1402 250 1445 in
282 1400 374 1455 illis,
406 1416 509 1457 quae
539 1405 752 1460 Euripides
784 1407 820 1449 ei
852 1406 1007 1459 obiicit,
1038 1405 1282 1461 Aeschylum
1311 1404 1529 1448 defendere
1558 1403 1757 1456 videatur,

210 1473 361 1527 quippe
404 1475 471 1528 qui
515 1476 760 1530 antiquitatis
808 1476 990 1519 laudator
1035 1477 1074 1517 in
1117 1474 1359 1530 Aeschylum
1401 1475 1570 1517 virtutes
1614 1474 1755 1517 aetatis

210 1543 297 1585 eius
328 1544 523 1587 conferat.
562 1567 610 1575 -

327 1615 440 1657 Patet
479 1617 595 1658 etiam
636 1630 691 1660 ex
738 1622 877 1659 natura
923 1617 1170 1669 comoediae,
1212 1628 1295 1671 quo
1327 1616 1475 1659 factum
1505 1616 1570 1669 sit,
1599 1620 1644 1659 ut
1672 1614 1756 1660 So-

209 1685 376 1741 phocles
406 1699 577 1742 perraro
608 1692 945 1731 commemoretur
974 1700 1106 1742 neque
1127 1686 1354 1730 certaminis
1380 1686 1625 1744 tragicorum
1655 1696 1756 1741 par-

210 1756 341 1810 ticeps
369 1757 435 1799 sit.
466 1757 689 1812 Sophocles
720 1759 926 1812 exemplar
955 1763 1018 1800 est
1047 1757 1221 1811 perfecti
1252 1763 1400 1812 poetae
1430 1762 1473 1800 et
1502 1758 1542 1799 in
1572 1754 1757 1799 omuibus

210 1825 390 1881 partibus
421 1827 663 1883 tragoediae
694 1828 841 1872 iustum
872 1828 984 1882 quasi
1015 1827 1186 1870 medium
1216 1832 1336 1883 tenet.
1368 1825 1553 1871 Summus
1583 1824 1756 1868 investi-

210 1901 329 1953 gator
359 1897 477 1940 animi
507 1909 586 1940 nec
616 1898 744 1940 minus
781 1909 850 1940 res
895 1898 1085 1941 humanas
1127 1909 1244 1952 quam
1287 1897 1548 1940 amoenitates
1589 1900 1756 1938 naturae

210 1967 463 2022 perspiciens
495 1968 631 2012 studet
673 1969 844 2013 maxime
887 1969 926 2011 in
968 1968 1112 2012 fabulis
1153 1968 1238 2012 suis
1268 1967 1460 2024 picturam
1490 1965 1757 2024 psychologi-

211 2049 309 2090 cam,
341 2043 384 2079 ut
413 2038 745 2094 philosophorum
776 2039 917 2082 verbis
959 2045 1064 2092 utar,
1100 2050 1336 2094 proponere
1379 2042 1418 2080 et
1457 2037 1689 2094 dignitatem
1719 2042 1760 2079 et

211 2109 523 2166 magnitudinem
555 2111 725 2154 hominis
757 2124 805 2153 ae
833 2110 1055 2163 rationem,
1086 2122 1189 2165 quae
1231 2108 1332 2153 deos
1374 2109 1479 2152 inter
1508 2112 1545 2150 et
1574 2106 1757 2151 homiues

210 2179 447 2233 intercedat,
478 2181 710 2225 ostendere.
772 2182 910 2226 liores
950 2193 1232 2237 personarum,
1273 2191 1373 2235 quas
1414 2178 1578 2231 inducit,
1607 2190 1758 2235 graves

210 2250 370 2305 quidem
402 2257 498 2294 sunt
529 2256 571 2294 et
600 2252 740 2306 probi,
770 2253 842 2294 sed
883 2257 1065 2295 naturam
1105 2251 1306 2294 hominum
1347 2262 1428 2293 non
1470 2248 1684 2303 excedunt,
1713 2254 1757 2292 ut

211 2333 412 2376 personae
443 2322 711 2379 Aeschyleae,
741 2323 781 2365 id
812 2323 919 2378 quod
950 2323 1120 2366 maxime
1161 2322 1330 2377 probant
1366 2320 1537 2364 feminae
1567 2320 1757 2376 Sophoc-

210 2393 362 2435 learum
402 2394 649 2447 fabularum,
681 2394 805 2436 veluti
843 2394 1058 2448 Deianira,
1098 2394 1312 2451 Antigona,
1341 2392 1514 2436 Electra.
1575 2390 1619 2434 ln
1649 2391 1757 2434 nullo

211 2463 410 2519 scriptore
451 2464 607 2509 indoles
647 2471 687 2508 et
726 2477 861 2509 mores
910 2465 1054 2509 Graeci
1106 2470 1185 2508 tam
1228 2464 1476 2508 excellentes
1522 2466 1759 2514 cernuntur,

212 2546 328 2589 quam
369 2535 408 2576 in
446 2536 674 2590 Sophocle,
705 2537 793 2577 viro
835 2536 992 2578 amabili
1032 2536 1271 2590 optimisque
1311 2535 1462 2591 ingenii
1502 2533 1758 2576 facultatibus

210 2606 409 2663 praedito.
472 2606 584 2657 Quas
621 2607 672 2650 ob
704 2619 846 2651 causas
890 2608 1103 2666 imaginem
1134 2605 1347 2663 Sophoclis
1378 2605 1606 2661 depravare
1638 2606 1679 2646 et
1708 2600 1758 2645 ad

212 2677 388 2721 circulos
418 2678 630 2720 ridentium
662 2679 894 2733 adducere,
925 2680 1080 2721 comico
1122 2691 1204 2721 non
1237 2684 1325 2720 erat
1356 2678 1528 2728 licitum,
1558 2688 1646 2717 cum
1677 2673 1758 2718 So-

211 2750 368 2806 phoclis
399 2749 640 2807 tragoediae
683 2756 724 2793 et
763 2750 1062 2806 spectatoribus
1103 2755 1143 2792 et
1172 2747 1429 2804 Aristophani
1469 2746 1577 2790 vitiis
1617 2758 1757 2789 carere

211 2821 290 2862 sint
329 2821 450 2863 visae.
512 2821 702 2875 Accedit,
744 2821 876 2876 quod,
908 2821 1001 2864 dum
1043 2820 1233 2875 Aeschyli
1279 2825 1318 2863 et
1353 2818 1557 2875 Euripidis
1597 2817 1757 2863 fabulae
