1982 3007
965 89 1031 140 32

227 227 526 281 clandestinos,
557 240 660 283 quos
698 228 844 271 Graeci
888 225 1163 288 συκοφάντας
1203 230 1403 274 vocabant
1428 231 1487 284 ¹),
1516 230 1696 276 hutotos
1722 242 1770 274 ae

227 296 414 341 fatidicos
456 303 498 341 et
528 309 679 354 pravos
718 298 955 346 sacerdotes
978 300 1043 353 ⁶),
1072 302 1140 356 qui
1181 301 1372 357 populum
1412 299 1767 347 desta-dabantur.

225 369 317 411 Non
349 369 510 412 dubium
543 374 626 422 est,
654 369 749 423 quin
792 370 866 411 iam
908 371 1076 414 istorum
1112 371 1313 414 hominum
1351 371 1470 423 vitia,
1499 382 1604 426 quoa
1628 371 1770 415 ,obiter

225 444 374 483 tantuin
405 445 734 492 commemorant,
765 452 837 496 per
867 440 1182 496 superlationem
1213 440 1458 485 adauxerint.
1492 441 1534 484 ln
1564 440 1767 498 demago·-

225 523 304 566 goa
334 515 465 553 autem
496 511 610 563 illos,
640 511 709 565 qui
740 510 845 566 apud
877 511 1068 566 populum
1110 513 1282 555 maxime
1327 512 1538 565 valebant,
1567 517 1673 555 totas
1700 512 1766 557 fa-

225 581 338 625 bulas
369 580 711 635 conscripserunt.
745 581 881 632 Quare
910 581 1000 625 fieri
1029 593 1112 625 non
1145 584 1294 637 potuit,
1327 584 1442 639 quin,
1470 595 1558 625 cum
1589 582 1764 638 populu·

224 652 367 695 diebus
397 651 512 694 festis
543 651 684 694 Bacchi
715 652 846 695 iocum
872 658 1096 708 appeteret,
1125 654 1305 698 comicus
1324 653 1578 710 depravatam
1608 653 1764 699 tuorum

224 724 438 778 imaginem
469 722 659 764 traderet.
699 723 799 765 Nam
840 724 882 765 in
918 736 969 766 eo
1012 724 1183 767 maxime
1223 724 1405 768 cernitur
1444 725 1506 766 vis
1544 728 1583 766 et
1622 729 1763 767 natura

225 794 376 836 veteris
406 792 643 835 comoediae
685 793 866 845 Atticae,
897 793 1031 848 quod,
1060 807 1149 836 cum
1192 793 1334 837 media.
1364 793 1573 837 comoedia
1616 793 1764 836 heroas

224 863 462 917 fabulasque
506 863 672 905 deorum
715 863 876 906 Homeri
918 869 960 907 et
990 865 1236 921 tragicorum
1279 864 1319 906 in
1358 865 1475 919 peius
1517 856 1634 908 etad
1663 863 1740 909 ridi

222 1078 296 1108 erat
321 1072 446 1119 dignu·
470 1071 637 1116 describi,
663 1072 755 1118 quod
792 1071 899 1107 malua
924 1082 967 1106 ac
991 1071 1055 1114 sur,
1080 1069 1180 1111 Quod
1214 1071 1376 1107 moechus
1414 1072 1502 1108 foret
1535 1077 1592 1107 aut
1622 1072 1764 1108 sicarius

223 1138 280 1165 aut
304 1131 432 1177 alioqui
456 1130 633 1172 Famosua,
658 1131 760 1166 multa
778 1142 855 1165 cum
881 1130 1034 1165 libertate
1059 1130 1218 1164 notabant
1255 1130 1305 1165 Cf.
1322 1130 1593 1177 Kaunegiesaer:
1619 1130 1682 1166 nie
1696 1131 1764 1167 ko-

223 1190 351 1225 inische
380 1188 500 1224 Babae
525 1201 567 1224 zu
594 1189 713 1224 Athen.
739 1188 777 1224 P.
802 1187 872 1223 370
894 1199 967 1236 aeq.
993 1188 1081 1223 Satis
1106 1193 1207 1233 patet,
1231 1188 1328 1223 talem
1355 1189 1565 1224 comoediam
1590 1201 1659 1225 non
1685 1200 1763 1225 esse

222 1250 286 1283 niai
310 1251 344 1283 in
368 1248 554 1293 republica,
581 1259 668 1294 quae
691 1258 818 1282 summa
843 1247 994 1282 libertate
1020 1250 1118 1282 utitur
1144 1254 1180 1282 et
1205 1249 1237 1282 in
1265 1259 1331 1294 qua
1368 1250 1490 1284 cornici
1524 1253 1559 1283 et
1581 1248 1762 1284 histriones
1815 1278 1822 1286 .

223 1307 377 1342 homines
401 1312 476 1341 aunt
500 1307 652 1352 ingenui.
678 1305 805 1340 Romae
830 1308 919 1340 enim
946 1305 1091 1340 Naevius
1116 1317 1263 1341 summos
1299 1307 1454 1342 homines
1485 1307 1600 1343 ridens
1625 1309 1658 1342 in
1685 1274 1827 1344 vin—z

222 1367 298 1401 cula
325 1371 374 1401 est
411 1367 593 1400 coniectus.
644 1363 692 1398 lbi
718 1364 897 1400 histriones
922 1365 1212 1409 despiciebantur,
1237 1376 1349 1411 neque
1384 1368 1467 1401 civis
1490 1366 1659 1402 Romanus
1683 1376 1761 1401 sese

222 1435 241 1458 a
266 1424 324 1459 vili
348 1424 509 1459 histrione
534 1422 635 1457 rideri
660 1432 776 1466 passus
800 1428 861 1458 est.
888 1421 1032 1457 Lucilius
1057 1426 1181 1465 tamen,
1208 1424 1277 1468 ipse
1312 1434 1417 1470 eques
1447 1425 1629 1467 Romanus,
1654 1424 1762 1460 satiris

221 1483 436 1518 comoediam
474 1487 623 1516 veterem
648 1481 789 1515 imitatus
815 1486 865 1515 est
889 1482 990 1527 eique
1024 1480 1148 1515 licitum
1173 1482 1245 1524 tuit,
1270 1483 1382 1517 omnia
1408 1490 1541 1526 notare,
1565 1476 1652 1530 quae
1674 1494 1759 1518 con-

222 1547 271 1577 tra
297 1541 406 1577 bonos
433 1551 546 1575 mores
572 1545 682 1575 erant.
709 1539 761 1575 Cf.
788 1537 825 1575 0.
851 1538 936 1574 Jahn
975 1539 1100 1586 Proleg
1136 1540 1168 1574 in
1195 1539 1287 1576 Pers.
1316 1551 1349 1586 p.
1375 1539 1457 1577 Lvt.
1485 1540 1562 1578 lior.
1580 1533 1649 1576 Sat.
1670 1538 1701 1585 l,
1724 1540 1761 1585 ἀς

219 1600 247 1637 1.
277 1604 330 1638 10.
354 1601 510 1635 Ceterum
537 1604 678 1642 constat,
703 1599 916 1634 comoediam
942 1599 1085 1634 Atticam
1112 1595 1260 1634 veterem
1286 1600 1412 1635 nullam
1437 1599 1599 1636 habuisse
1622 1601 1689 1634 vim
1714 1599 1757 1634 ad

221 1659 443 1696 excolendam
468 1657 679 1694 comoediam
704 1657 942 1693 Romanorum.
967 1658 1050 1693 Nam
1075 1658 1164 1705 quod
1185 1659 1325 1694 Plautus
1350 1658 1574 1696 dicitur-tior.
1589 1653 1683 1703 Epist
1716 1656 1759 1701 11,

223 1726 256 1764 1,
283 1720 350 1756 58:
376 1719 507 1755 Dicitur
531 1718 646 1753 Afrani
670 1722 749 1764 toga
776 1718 979 1753 convenisse
1006 1717 1202 1761 Menandro,
1227 1717 1360 1753 Plautus
1386 1718 1430 1754 ad
1456 1718 1631 1764 exemplar
1654 1715 1758 1752 Siculi

220 1789 404 1825 properare
428 1777 646 1822 Epicharmi:
673 1777 752 1810 huic
776 1776 965 1810 sententiae
990 1786 1058 1810 non
1083 1777 1285 1822 refragatur.
1333 1776 1417 1811 Nam
1453 1776 1535 1811 illud
1566 1775 1693 1810 Horatii
1716 1774 1760 1808 ad

219 1838 413 1873 facilitatem
438 1842 474 1871 et
496 1836 714 1872 festivitatem
739 1837 905 1870 sermonis
930 1841 966 1870 et
1005 1834 1247 1878 diverbiorum,
1282 1845 1348 1881 qua
1384 1837 1418 1870 in
1451 1845 1491 1870 re
1516 1833 1652 1869 Plautus
1676 1831 1762 1879 Epi·

221 1896 350 1931 charmi
381 1894 497 1930 similia
520 1895 634 1937 fuerit,
664 1895 751 1928 sicut
776 1894 819 1928 ad
843 1900 950 1928 metra
990 1895 1205 1939 maximeque
1230 1893 1273 1928 ad
1306 1904 1439 1928 versum
1476 1891 1681 1927 trochaicum
1704 1897 1761 1925 te-

220 1962 415 1991 trametrum
442 1954 485 1988 ab
509 1953 714 1999 Epicharmo
738 1964 807 1988 non
833 1954 942 1988 minus
979 1953 1210 2000 neglegenter,
1242 1963 1341 1999 quam
1378 1962 1398 1987 a
1423 1950 1539 1987 Plauto
1577 1949 1761 1986 adhibitum

219 2020 360 2059 spectat,
383 2023 496 2059 neque
521 2012 655 2047 Plautus
681 2018 955 2058 argumentorum
982 2012 1162 2047 iocositate
1187 2016 1222 2045 et
1247 2013 1281 2045 in
1315 2012 1403 2045 iocis
1440 2009 1637 2056 spargendi·
1662 2014 1763 2055 petu—

220 2074 323 2109 lantia
351 2072 394 2107 ab
418 2072 623 2117 Epicharmo
648 2071 783 2106 inultum
808 2070 931 2105 distare
956 2069 1099 2107 videtur.
1127 2069 1176 2105 Cf.
1203 2068 1337 2114 Grysar.
1361 2068 1383 2107 Ι.
1409 2069 1428 2105 Ι,
1448 2080 1480 2114 p.
1496 2069 1578 2105 302.
1605 2067 1760 2106 Ceterum

219 2135 316 2178 ipsae
340 2131 535 2177 Epicharmi
571 2130 704 2165 fabulae
738 2131 877 2175 propius
904 2129 947 2164 ad
980 2135 1130 2165 naturam
1166 2129 1302 2164 mediae
1340 2128 1538 2164 comoediae
1578 2127 1760 2171 accedunt,

220 2202 320 2238 quam
346 2190 390 2225 ad
415 2196 568 2224 veterem
591 2188 803 2224 comoediam
829 2189 986 2232 Atticam,
1023 2199 1100 2224 cum
1137 2188 1379 2233 Epicharmus,
1405 2193 1440 2222 ut
1480 2192 1603 2233 poetae
1628 2186 1759 2223 mediae

218 2250 435 2292 comoediae,
459 2255 673 2295 argumenta,
698 2259 785 2294 quae
811 2248 855 2283 ad
880 2248 1119 2294 mythologiam
1146 2247 1333 2292 pertinent,
1360 2248 1554 2282 tractaverit
1588 2247 1758 2293 vitamque

219 2309 386 2355 plebeiani
418 2308 564 2341 imitatus
587 2308 643 2349 sit,
669 2311 770 2352 atque
795 2305 1027 2351 philosophiae
1048 2295 1124 2351 ipae
1150 2317 1219 2340 non
1245 2307 1379 2352 ignarus
1416 2312 1450 2340 et
1472 2306 1651 2340 dialectica
1687 2305 1759 2338 dia-

220 2366 375 2414 ceptandi
400 2368 529 2401 raticne
553 2378 595 2401 ac
620 2365 811 2417 dialecticis
837 2367 974 2413 argutiis
999 2371 1032 2400 ct
1057 2365 1182 2400 crebris
1204 2365 1371 2400 antithetis
1402 2364 1575 2400 delectans
1608 2362 1761 2410 philoso-

219 2428 318 2473 phos,
342 2426 448 2461 veluti
464 2426 599 2461 Eleatas
625 2431 660 2460 et
676 2424 940 2470 Pythagoraeos,
965 2425 1171 2471 disputantes
1196 2425 1372 2461 induxerit.
1398 2424 1497 2471 Diog.
1515 2422 1607 2466 '101¹,
1632 2421 1760 2459 9—17.

219 2487 351 2532 Grynia
376 2486 386 2520 Ι
423 2485 444 2523 Ι.
470 2497 500 2530 p.
530 2486 609 2527 214,
634 2485 714 2521 300.
740 2483 781 2522 V.
805 2484 969 2520 Schmidt:
997 2483 1135 2525 Quaest.
1161 2483 1276 2530 Epich.
1302 2495 1334 2530 p.
1350 2482 1409 2528 43,
1431 2483 1476 2521 56
1511 2481 1761 2529 Epicharmum‚

218 2547 276 2592 qui
302 2544 419 2590 procul
445 2544 550 2578 dubio
574 2555 731 2590 maguam
758 2544 825 2578 vim
851 2543 884 2577 in
921 2543 1144 2578 excolendam
1179 2544 1391 2578 comoediam
1422 2542 1564 2577 Atticam
1598 2541 1762 2584 exercuit,

219 2605 320 2639 etiam
347 2601 464 2637 Crates
490 2603 633 2637 imitatus
656 2603 707 2639 sit.
733 2600 785 2639 Cf.
813 2601 989 2639 Welckerz
1014 2601 1171 2636 Kleinere
1195 2601 1330 2639 schrift.
1354 2600 1379 2645 l,
1403 2611 1439 2645 p.
1464 2598 1545 2636 316.

314 2662 352 2703 5)
386 2659 439 2697 cf.
477 2671 509 2696 e,
546 2671 581 2707 g.
620 2660 704 2698 ach.
736 2672 768 2698 v.
801 2660 872 2696 818
904 2671 980 2707 seq.
1014 2660 1096 2696 691.
1125 2660 1226 2705 Vesp.
1254 2672 1286 2698 v.
1310 2659 1367 2703 73,
1394 2657 1496 2695 1265.
1520 2658 1586 2695 Αν.
1611 2668 1643 2696 v.
1671 2657 1761 2695 uto

220 2731 294 2767 seq.
319 2720 395 2756 Plut
426 2720 497 2757 850
519 2730 595 2766 aeq.
619 2719 754 2757 Eccles.
779 2718 848 2756 ⁴39
871 2731 943 2767 seq.
970 2717 1186 2755 Wachsmuth
1207 2717 1263 2755 Gr.
1287 2717 1429 2756 Alterth.
1452 2715 1479 2761 1,
1501 2716 1533 2753 2.
1549 2727 1582 2763 p.
1604 2717 1671 2753 154
1686 2727 1757 2763 aeq.

312 2778 357 2825 6)
382 2779 434 2817 Ct'.
459 2791 494 2816 e.
518 2791 552 2826 g.
579 2778 708 2826 Equitt.
732 2790 765 2815 v.
795 2780 880 2823 ¹22,
903 2779 987 2815 Pac.
1013 2789 1047 2816 v.
1076 2780 1162 2815 1051
1190 2789 1254 2825 seq
1289 2777 1355 2816 Av.
1379 2777 1460 2821 52⁰,
1481 2774 1553 2813 864
1579 2786 1653 2824 aeq.
1675 2774 1759 2816 m.
