1982 3007
940 55 1011 106 24

194 196 380 240 homines
411 195 672 250 maximeque
701 194 819 238 fldem
851 195 950 240 iuris
981 196 1134 240 iurandi
1175 208 1414 253 curtemque
1452 199 1642 255 pietatem
1671 212 1746 245 sr-

194 267 304 311 tibus
335 267 606 323 sophistarum
637 265 918 323 ambiguisque
955 267 1165 312 sententiis
1201 268 1356 312 comico
1389 275 1586 314 evertere
1624 270 1742 315 vide·

196 344 263 382 tur
283 337 366 387 δ’).
425 337 584 381 Patriae
624 337 844 393 perniciem
874 337 1037 399 ‘inferre
1076 340 1287 397 arguitur,
1315 340 1426 395 quod
1467 342 1557 387 eius
1586 342 1745 387 t'sbslss

198 410 400 462 homines,
431 409 649 465 praecipue
680 409 866 462 iuvenes,
897 410 1116 466 gymnasiis
1155 410 1304 454 relictis
1334 409 1475 454 molles
1516 417 1557 455 et
1585 413 1744 457 effemi-

198 485 315 523 natos
351 479 523 522 reddant
553 479 727 534 illosque
758 479 875 523 dolos
906 485 947 522 et
977 479 1145 524 fraudes
1176 480 1361 534 doceant,
1391 494 1516 536 quae,
1547 487 1591 525 ut
1632 483 1743 526 The·

197 563 384 593 ramenes
423 555 465 592 et
489 548 719 605 Clitophon,
748 549 798 592 ed
829 550 1114 606 rempublicam
1140 550 1486 595 administrandam
1516 552 1743 596 conferant.

198 621 470 672 Quamobrem
505 620 733 676 Aeschylus
764 634 802 665 v.
837 618 948 664 1069
979 630 1090 677 seq:

256 696 334 749 εἶτ’
366 695 425 747 αὖ
455 696 610 748 λαλιοῗν
640 698 927 761 ἐπιτηδεῦσαι
958 701 1028 748 καὶ
1059 701 1303 760 στωμυλίαν
1332 701 1540 761 ἐδίδαξας

260 768 289 833 ἢ
319 771 560 830 ’ξεκένωσεν
590 768 671 825 τάς
698 786 747 817 τε
775 772 1050 830 παλαίστρας
1079 771 1153 819 καὶ
1181 769 1262 827 τάς
1290 770 1429 833 πυγὰς
1458 773 1655 837 ἐνέτριψε

256 843 341 889 τῶν
369 842 602 902 μειρακίων
634 841 1007 899 στωμυλλομένων.

316 928 534 983 Euripides
564 927 654 981 ipse
681 922 722 969 'v.
754 924 837 969 954
869 926 1088 982 gloriatur:

538 1004 691 1052 ἔπειτα
719 1005 926 1052 τουτουσὶ
957 1004 1102 1051 λαλεῖν
1133 1005 1329 1063 ἐδίδαξα,

199 1090 248 1135 ad
280 1089 391 1146 quod
420 1090 651 1145 Aeschylus
681 1089 916 1144 respondit.

316 1234 377 1292 ὥς
405 1236 509 1296 πρὶν
538 1166 957 1299 Ξὶίδίὶξέῗζώωφελες
985 1236 1118 1295 μέσος
1148 1239 1440 1300 διαρραγῆναι.
1472 1241 1533 1284 cf.
1553 1240 1745 1292 v.1087‚

204 1310 331 1355 1013.
363 1311 563 1355 Gravatur
594 1312 846 1368 Aeschylus,
878 1311 990 1366 quod
1031 1312 1246 1367 Euripides
1285 1312 1428 1367 pannis
1469 1317 1743 1367 paupertatem

197 1382 390 1424 simulare
422 1382 576 1425 docens
614 1383 884 1426 Athenienses
925 1383 1172 1435 incitaverit,
1203 1388 1248 1424 ut
1277 1382 1414 1424 officiis
1445 1382 1637 1437 publicis,
1667 1395 1745 1425 ve-

197 1451 266 1495 luti
299 1452 560 1505 trierarchiis,
590 1465 686 1496 sese
718 1452 1004 1496 subducerent.
1040 1452 1086 1495 V.
1119 1452 1233 1497 ¹065
1264 1461 1378 1507 seq.=

285 1515 444 1567 οὐκοῦν
475 1516 627 1566 ἐθέλει
656 1537 707 1579 γε
736 1522 1007 1581 τριηραρχεῖν
1036 1520 1236 1566 πλουτῶν
1269 1515 1415 1574 ου’δεὶς
1446 1516 1521 1567 διὰ
1550 1520 1706 1576 ταῦτα,

284 1587 397 1637 ἀλλὰ
426 1589 591 1653 ῥακίοις
620 1587 965 1651 περιειλλόμενος
994 1588 1117 1638 κλάει
1146 1588 1219 1636 καὶ
1250 1589 1358 1650 φησὶ
1387 1589 1609 1645 πένεσθαι,

198 1664 251 1707 cf.
284 1664 411 1707 1014.
442 1665 768 1719 Perversitatem,
799 1666 875 1717 ait,
905 1665 1187 1707 vilissimorum
1224 1664 1437 1717 hominum,
1477 1664 1543 1718 qui
1574 1676 1625 1706 ex
1657 1664 1743 1706 Eu-

197 1734 338 1790 ripidis
370 1734 595 1790 tragoediis
627 1734 790 1776 fraudes
831 1747 878 1776 ac
922 1746 1065 1788 pravas
1104 1732 1261 1775 dicendi
1300 1738 1406 1776 artes
1438 1739 1639 1788 peterent.
1668 1734 1743 1776 iam

197 1817 249 1847 eo
281 1805 553 1859 processisse,
585 1810 640 1857 ut,
671 1806 738 1860 qui
771 1804 863 1847 olim
894 1806 963 1846 vix
1005 1803 1058 1845 de
1097 1804 1183 1846 aliis
1214 1803 1358 1856 rebus,
1388 1816 1504 1858 quem
1548 1803 1599 1845 de
1640 1816 1744 1857 pane

197 1875 351 1919 cibario
382 1880 423 1917 et
453 1874 520 1918 vili
551 1886 630 1919 suo
662 1876 825 1932 negotio
856 1875 1161 1932 cogitavissent,
1191 1875 1267 1918 iam
1299 1872 1561 1919 obedientiam
1592 1875 1744 1922 officia-

195 1960 275 2002 que
319 1946 556 1999 abiicerent‚
585 1959 662 1989 nec
693 1947 838 1990 ducum
880 1946 1268 2007 magistratuumque
1310 1945 1501 1988 rationein
1541 1945 1744 1990 heberent.

195 2017 246 2060 V.
281 2014 388 2059 1071
425 2028 538 2072 seq.:

193 2250 347 2285 Ridicule
371 2251 522 2286 comicus
545 2250 580 2284 in
604 2248 941 2294 Thesmophorinzui
892 2248 960 2283 usis
995 2247 1187 2294 Euripidem
1224 2253 1258 2283 ut
1290 2248 1414 2292 lenam,
1445 2249 1538 2284 cuius
1566 2256 1683 2294 partes
1707 2252 1742 2285 in

193 2308 233 2343 Hi
224 2309 374 2355 ippolyto
399 2310 509 2344 nutrix
536 2308 714 2344 Phaedrae
740 2308 857 2354 agi‚1t
846 2306 984 2341 inducit.
1010 2305 1056 2340 Cf
1084 2305 1169 2341 Thes
1154 2318 1214 2342 s.m
1237 2318 1268 2342 v.
1301 2308 1391 2344 1185
1416 2319 1490 2354 seq.

263 2379 378 2421 82)v
381 2378 460 2416 ‚98
487 2401 530 2408 —
556 2397 603 2404 -
633 2373 712 2422 ωδι
741 2371 930 2446 γόνιμον,
960 2370 1080 2428 ὅστις
1108 2376 1347 2434 φθέγξεται

634 2432 849 2483 τοιουτονί
877 2451 920 2479 τι
950 2434 1468 2508 παρακεκινδυνευμένον·

635 2494 800 2570 αἰθέρα
830 2489 941 2546 Διός
972 2490 1205 2563 δωμάτιον,
1230 2490 1260 2554 ἢ
1290 2511 1316 2548 χ
1370 2509 1446 2539 νου
1474 2492 1606 2547 πόδα,

635 2551 664 2614 ἢ
686 2554 823 2615 φρένα
842 2551 926 2626 μὲν
940 2550 1020 2598 οὐκ
1053 2523 1295 2600 ἐθέλουσαν
1311 2510 1469 2609 πόσαι
1497 2552 1620 2598 καθ’ι
1604 2552 1744 2613 ιερῶν,

636 2615 827 2672 γλῶτταν
859 2613 899 2658 δ’
903 2606 1228 2670 ἐπιορκήσασαν
1250 2610 1343 2671 ι’δίᾳ
1374 2612 1450 2670 τῆς
1479 2610 1649 2669 φρένος.

194 2683 300 2781 {3⁶⁰ss
318 2685 407 2720 enim
434 2683 514 2779 [ing
513 2684 579 2781 511
583 2696 639 2730 pp.
665 2696 698 2721 v.
718 2685 785 2722 612
812 2678 840 2743 ἦ
861 2680 1023 2741 γλῶσσ’
1036 2675 1236 2739 ὀμώμοκ’,
1258 2677 1286 2741 ἦ
1308 2679 1359 2727 δὲ
1378 2676 1491 2741 φρῆν
1511 2698 1743 2740 ανωμοτος.

303 2754 357 2782 ΕΒ.
382 2754 414 2780 V.
