1982 3007
943 77 1005 126 12

199 212 349 255 sedens
379 213 554 271 fingitur,
585 221 698 258 notat
718 215 793 266 ³³).
837 216 979 272 Neque
1011 219 1159 261 maiore
1198 218 1305 260 iure>
1327 216 1520 261 Achillem
1552 218 1742 274 Aeschyli

199 282 317 336 ridet,
348 286 498 340 quippe
531 287 599 340 qui
627 298 727 341 prae
756 286 899 329 dolore
930 289 983 330 oh
1010 276 1180 332 amicum
1211 293 1342 331 morte
1372 288 1630 345 absumptum
1650 289 1742 344 plo-

202 365 277 397 nus
308 355 501 398 stomachi
533 356 835 413 taciturnusque
875 357 1035 414 sedeat,
1077 359 1206 403 donec
1249 369 1270 400 a
1301 357 1503 402 Mercurio
1540 358 1742 417 mitigatus

201 424 388 478 loquatur
412 426 482 476 ³⁹).
517 426 710 476 Quamvis
733 428 924 470 ‘Bacchus
954 433 1154 472 sententia
1175 431 1317 473 comici
1349 428 1532 471 carmina·
1552 429 1743 476 illu-cho-

203 496 284 536 rica
340 497 446 538 iusto
500 498 685 553 longiora
724 498 866 541 leniter
911 499 1139 554 vituperet,
1175 498 1267 544 cum
1314 514 1361 544 ea
1411 492 1743 558 ἱμονιοστρόφου

201 559 311 622 μέλη
355 561 404 608 ἐκ
443 566 732 624 Μαραθῶνος
755 568 820 619 ⁴⁰)
878 574 1018 622 vocet,
1071 570 1224 614 chorus
1276 577 1405 614 tamen
1456 570 1629 614 carmina
1678 570 1745 611 ilia

202 628 438 682 (κάλλιστα
466 634 595 695 μέλη)
635 639 755 683 valde
788 640 966 683 celebrat
989 640 1050 688 ⁴⁸)
1091 647 1146 683 et⁴
1172 641 1401 696 praedicat,
1431 646 1473 684 et
1511 639 1741 696 Aeschylus

201 716 295 746 sese
324 705 388 748 illa
421 720 445 749 e
479 708 686 752 commodo
716 710 809 753 loco
840 711 878 753 in
912 712 1027 753 alium
1058 723 1139 754 non
1172 712 1300 754 minus
1329 711 1580 754 commodum
1610 716 1742 753 trans-

202 776 344 818 tulisse
363 777 570 833 glmiatur,
602 781 752 837 quippe
782 782 851 836 qui
879 795 900 824 a
922 783 1086 825 summis
1114 782 1247 837 poetis
1269 781 1461 836 Aeolicis,
1489 779 1743 836 'serpendi-⁰,

202 846 378 901 Alcan,
407 849 623 904 Sapphone
654 857 779 894 metra
811 859 850 895 et
881 853 1089 908 rhythmos
1120 857 1319 896 mutuatus
1350 853 1414 896 sit.
1446 852 1511 895 Ait
1543 866 1577 894 v.
1611 849 1744 894 12982

412 912 507 962 ἀλλ’
538 912 612 964 οὖν
644 914 727 979 ἐγώ
756 919 832 978 μὲν
863 920 909 975 ἐς
938 918 991 968 τό
1022 918 1151 968 καλᾶν
1183 918 1231 966 ἐκ
1259 920 1343 967 τοῦ
1372 919 1508 966 καλοῦ

415 983 592 1046 ἤνεγκον
622 988 742 1045 αὕθ’,
772 990 844 1037 ἵνα
872 988 933 1052 μή
963 988 1039 1037 τόν
1070 989 1202 1038 αὐτὸν
1234 991 1430 1050 Φρυνίχῳ

412 1060 597 1115 λειμῶνα
628 1061 822 1107 Μουσῶν
851 1056 967 1119 ἱερόν
997 1057 1186 1122 ὀφθείην
1217 1059 1391 1120 δρέπων
1414 1063 1486 1112 ⁴²).

318 1129 536 1184 Euripides
567 1134 702 1186 igitur,
731 1139 775 1175 ut
805 1134 951 1175 choros
989 1133 1180 1188 Aeschyli
1221 1135 1451 1188 vituperare
1482 1133 1743 1187 possit‚·non

201 1200 323 1243 modo
355 1214 409 1244 ex
448 1203 579 1246 multis
610 1204 799 1259 Aeschyli
831 1204 974 1248 fabulis
1004 1204 1187 1262 singulos
1218 1216 1364 1247 versus
1394 1202 1624 1260 coniungit,
1652 1202 1746 1257 qui·-

202 1270 278 1312 bus
309 1273 483 1314 carmina
515 1273 688 1315 obscura
721 1280 761 1315 et
791 1274 962 1316 difficilia
991 1274 1194 1316 intellectu
1232 1280 1272 1316 et
1312 1285 1513 1315 armorum
1551 1274 1744 1325 strepitus

202 1341 320 1392 plenu
351 1348 492 1384 notare
523 1344 674 1395 studet,
704 1344 776 1386 sed
809 1345 926 1386 etiam
958 1357 1102 1386 versus
1132 1344 1323 1398 Aeschyli
1363 1344 1422 1385 sic
1463 1342 1503 1384 in
1533 1341 1745 1384 ludibrium

203 1411 344 1463 vertit,
376 1417 418 1452 ut
457 1425 602 1454 omnes
641 1426 786 1455 versus
826 1415 865 1455 in
919 1414 1151 1455 trochaeum
1195 1427 1228 1455 s.
1270 1401 1518 1467 spondaeum
1561 1411 1744 1453 desinant

201 1493 426 1535 omnesque
458 1495 601 1525 versus
632 1483 684 1526 ita
717 1485 835 1537 canit,
868 1489 909 1526 ut
938 1497 1101 1539 semper
1133 1484 1169 1525 in
1202 1482 1279 1525 fine
1322 1482 1550 1525 trochaeum
1582 1492 1742 1525 seman-

201 1556 297 1605 tum,
328 1564 364 1604 q.
397 1566 436 1594 v.
469 1559 593 1609 ponat
616 1554 696 1605 ⁴³).
738 1554 821 1596 Tali
853 1554 973 1596 modo
1004 1555 1181 1596 comicus
1223 1552 1458 1609 Euripidem
1496 1553 1649 1607 ipsum,
1679 1551 1745 1605 qui

202 1623 380 1664 aeolicos
412 1636 556 1666 versus
587 1625 677 1666 illos
709 1626 856 1682 longos
902 1625 1123 1680 dactylicos
1154 1631 1196 1665 et
1233 1623 1454 1677 dactylicos
1484 1621 1746 1679 loguoedicos

204 1699 244 1736 et
264 1693 408 1748 pedem
430 1694 602 1737 orthium
625 1708 673 1738 ac
695 1696 928 1739 trochaeum
950 1700 1188 1747 sementum,
1209 1694 1382 1749 denique
1407 1691 1632 1735 obsoletum
1654 1702 1746 1733 mu-

133 1796 142 1807 t
203 1765 312 1806 sicae
350 1777 481 1821 genus
522 1766 713 1821 Aeschyli
757 1772 795 1808 et
833 1766 957 1808 verba
999 1766 1171 1808 obscura
1212 1776 1440 1817 versusque
1488 1761 1747 1804 intercalares

203 1834 343 1877 ridere
375 1840 557 1888 conatur,
601 1835 774 1891 lepidum
815 1835 1032 1891 sophistam
1073 1834 1307 1889 perstringit
1330 1832 1420 1885 ⁴⁴),
1456 1831 1611 1874 etiamsi
1653 1831 1750 1872 Ari·
1786 1849 1793 1854 ·

178 2035 180 2037 ,
255 1996 334 2039 ’38)
359 1998 442 2033 Rau.
469 2010 502 2034 v.
527 1998 594 2034 911
622 2009 684 2044 seq
719 1999 816 2035 Auct.
842 2000 900 2034 vit.
927 1996 1047 2034 Aesch.
1074 1996 1138 2039 (cf.
1165 1995 1280 2029 linter.
1307 1993 1438 2038 Didym.
1454 2003 1571 2037 opusc.
1598 2003 1629 2037 p.
1656 1991 1752 2035 155).

204 2057 367 2092 Welcker
392 2057 513 2093 Aesch.
541 2056 608 2092 Trit
642 2069 675 2100 p.
700 2056 780 2094 348,

273 2114 336 2158 39)
362 2113 414 2149 Cf.
441 2117 500 2152 vit.
526 2115 652 2150 Aesch.
680 2116 700 2150 1.
726 2116 748 2149 Ι.

273 2173 337 2218 ⁴0)
363 2172 412 2208 Cf.
438 2173 521 2209 Rau.
548 2185 580 2208 v.
613 2173 715 2210 1296.

275 2233 340 2275 M)
365 2231 414 2266 cf,
444 2244 466 2265 v
506 2233 598 2268 1250
624 2243 697 2278 seq.

274 2290 341 2332 42)
368 2290 540 2326 Fritzsche
566 2291 609 2326 ad
634 2291 667 2326 ln.
692 2291 713 2325 1.

275 2347 339 2391 43)
364 2347 414 2383 Cf.
442 2362 477 2384 v.
505 2349 739 2386 1260-1295
766 2349 871 2384 Recte
888 2346 1093 2383 Fritzschius
1120 2344 1313 2380 Timachida
1340 2349 1478 2379 auctore
1501 2353 1622 2379 omnes
1645 2353 1754 2389 spou-

204 2406 299 2450 deos,
325 2407 432 2444 (idem
462 2408 554 2443 valet
578 2409 623 2444 de
651 2406 831 2443 trochaeo]
858 2407 996 2440 minime
1021 2409 1056 2438 ut
1082 2404 1238 2449 vulgares
1270 2404 1455 2449 spondeos,
1488 2402 1549 2436 sed
1574 2407 1609 2435 ut
1633 2400 1758 2436 orthio·

203 2469 237 2500 in
265 2467 425 2501 duodena
450 2474 602 2512 tempora
629 2467 672 2503 ab
698 2465 860 2510 Euripide
885 2469 1063 2510 porrectos
1090 2473 1167 2498 esse
1192 2470 1312 2499 cantos
1338 2462 1495 2499 affirmat.

274 2526 340 2569 4⁴)
366 2525 473 2561 versu
500 2522 546 2586 ἰὴ
577 2523 717 2573 κόπον
748 2519 801 2569 οὐ
831 2517 1047 2573 πελάθεις
1069 2519 1137 2565 ἐπ’
1169 2517 1360 2581 α’ρωγᾶνς
1392 2534 1458 2556 ¹¹⁰⁰
1496 2521 1599 2556 modo
1618 2526 1757 2555 metrum

204 2586 293 2620 ridet
316 2585 495 2631 Euripides
520 2586 581 2621 scd
608 2587 753 2620 maxime
786 2595 882 2620 usum
908 2581 1147 2617 vocabulorum
1166 2581 1560 2628 epiphthegmaticorum.
1588 2579 1758 2615 Vocabulo

204 2645 339 2689 saepius
352 2648 498 2690 repetito
516 2638 858 2705 cplm‘chioetw
887 2637 1188 2701 φλαττόθρατ’
1216 2642 1362 2674 imitatur
1380 2638 1500 2672 modos
1519 2638 1759 2672 citharodicou

205 2705 324 2751 quibus
349 2705 541 2750 Aeschylus
575 2706 697 2747 utitur,
730 2711 761 2738 et
795 2702 887 2736 sonis
923 2699 1066 2735 horridis
1098 2701 1300 2745 gravitatem
1341 2696 1502 2730 sermonis
1537 2695 1645 2730 ridere
1678 2696 1759 2732 vult·

206 2763 254 2798 cf.
281 2763 439 2797 wele-ker
466 2764 509 2798 ad
534 2763 565 2797 h⁴
594 2764 615 2798 l.
