1982 3007
941 75 970 122 8

174 214 298 257 larem
331 213 621 265 concedamus,
654 211 879 267 Sophocles
911 218 1042 256 tamen
1077 215 1280 270 Dionysiis
1310 215 1514 258 ruralibus
1546 216 1725 260 eiusdem

175 284 266 326 anni
295 296 377 326 non
409 289 472 327 est
503 288 714 335 mortuu8‚
755 282 944 337 quoniam
986 297 1037 328 ne
1081 284 1181 327 infra
1222 283 1323 327 duos
1366 297 1532 330 menses
1568 285 1725 342 quidem

176 353 266 396 talis
298 353 447 406 fabula,
472 353 601 408 qualis
627 357 691 394 est
711 351 862 405 Ranae,
893 355 1092 397 conscribi
1125 360 1165 398 et
1197 355 1334 398 doceri
1366 344 1495 408 potuit
1519 355 1597 406 ²⁸).
1642 356 1725 400 lta-

178 437 260 479 que
290 424 386 466 nihil
417 429 554 477 restat,
583 423 661 465 nisi
691 427 734 464 ut
764 422 1004 479 Sophoclem
1035 423 1097 467 01.
1129 424 1208 479 93,
1240 424 1267 467 2
1298 436 1436 467 mense
1467 420 1723 470 Anthesteri-

177 482 256 536 on'e
289 494 409 548 paulo
456 499 549 546 post
578 492 825 547 Euripidem,
866 494 933 547 qui
977 495 1015 535 in
1058 496 1290 538 Macedonia
1334 501 1499 536 mortem
1539 497 1726 538 occubuit

178 568 379 606 mortuum
411 575 507 606 esse
539 567 776 615 statuamus,
806 563 1041 618 praesertim
1080 575 1172 606 cum
1211 565 1287 607 iam
1332 569 1470 607 auctor
1512 566 1723 608 marmoris

177 635 278 675 Parii
301 634 505 686 Euripidis
528 639 698 675 mortem
721 633 771 675 ad
794 633 855 675 01.
880 632 948 683 93,
969 633 995 673 2
1028 635 1221 677 archonte
1242 636 1446 691 Antigene
1478 634 1628 677 referat
1653 637 1722 682 ²⁴).

177 702 280 753 Quid
330 707 463 746 autem
506 701 799 758 Aristophanes
841 703 1094 760 ingeniosius
1138 705 1375 761 excogitare
1416 705 1565 761 potuit,
1608 717 1724 761 quam

176 780 272 827 tum,
304 786 394 817 cum
426 779 556 817 morte
586 772 791 830 Euripidis
821 777 862 816 et
891 773 1105 829 Sophoclis
1148 775 1356 832 tragoedia
1399 777 1513 831 quasi
1545 776 1727 831 parenti·-

177 845 253 888 bus
284 844 423 888 orbata
457 849 536 897 est,
567 858 631 897 ea,
664 856 767 899 quae
798 845 954 887 comico
995 847 1164 888 maxime
1208 847 1291 888 visa
1337 852 1428 889 sunt
1460 846 1725 903 vituperanda

178 915 217 956 in
250 914 397 957 fabulis
442 913 664 968 Euripidis,
708 926 823 968 quem
867 919 1052 970 poetam,
1084 915 1174 957 dum
1216 917 1331 958 vivus
1374 922 1481 969 erat,
1512 917 1550 958 in
1596 916 1726 958 multis

178 984 339 1033 fabulis,
369 985 493 1027 veluti
525 985 564 1026 in
588 984 803 1039 Autolyco,
823 984 1069 1037 Erechtheo,
1090 986 1271 1042 Polyido,
1293 986 1535 1040 Phoenissis,
1567 986 1727 1029 Achar-

176 1055 386 1107 nensibus,
417 1053 620 1121 Nubibus,
645 1053 1091 1108 Thesmophoriazusis‚
1135 1056 1253 1108 Pace,
1285 1056 1552 1098 vehementer
1583 1056 1726 1098 irrise-

176 1130 252 1177 rat,
282 1125 321 1167 in
354 1135 478 1167 unum
511 1124 622 1179 quasi
654 1128 836 1166 centrum
869 1135 1035 1180 cogere,
1065 1128 1108 1166 ut
1139 1136 1192 1167 eo
1223 1136 1303 1167 non
1335 1125 1462 1167 solum
1493 1124 1723 1180 Euripidem

178 1196 251 1239 sed
285 1196 402 1238 etiam
434 1195 585 1238 amicos
616 1195 653 1235 ei
684 1194 951 1256 Athenienses
983 1196 1238 1250 maximeque
1268 1195 1383 1248 illos,
1413 1195 1480 1251 qui
1512 1204 1601 1237 eum
1633 1195 1716 1237 imi-

178 1266 379 1318 tabantur,
412 1275 638 1317 omnesque
668 1276 801 1305 novos
831 1270 1001 1319 poetas,
1032 1266 1136 1306 inter
1175 1277 1277 1318 qnos
1324 1267 1440 1307 etiam
1479 1271 1626 1320 poetae
1663 1264 1726 1306 di-

179 1335 416 1392 thyrambici
446 1334 700 1378 recentiores
732 1334 836 1377 illius
867 1335 1008 1378 aetatis
1041 1334 1203 1378 fuerunt
1227 1333 1290 1391 ²⁵)
1317 1334 1472 1378 rideret
1502 1338 1541 1376 et
1570 1335 1609 1376 in
1639 1334 1727 1378 Eu-

178 1404 347 1460 ripidem
379 1416 541 1446 causam
574 1406 748 1446 omnium
782 1404 996 1453 malorum,
1028 1418 1128 1459 quae
1168 1406 1207 1444 in
1239 1407 1377 1460 priore
1409 1405 1569 1446 fabulae
1601 1410 1728 1459 parte,

179 1475 247 1517 ubi
277 1474 458 1518 Bacchus
490 1475 592 1518 lecta
627 1474 884 1517 Andromeda
927 1480 1057 1517 motus
1089 1474 1137 1516 ad
1171 1474 1325 1518 inferos
1362 1474 1589 1529 descendit,
1620 1460 1726 1518 unde

178 1544 413 1601 Euripidem
445 1543 624 1597 reducat,
654 1545 854 1597 ridentur,
886 1544 1076 1587 deferret.
1116 1565 1165 1573 —-

295 1616 415 1658 Hisce
445 1616 676 1671 praemissis
707 1616 756 1657 ad
788 1615 1070 1670 exponendum
1104 1616 1312 1668 indicium,
1344 1615 1453 1670 quod
1484 1616 1724 1657 comicorum

180 1686 370 1741 princeps
403 1686 455 1727 de
485 1685 760 1728 celeberrimis
791 1685 869 1727 illis
900 1686 1064 1743 tragicis
1095 1685 1187 1739 sert,
1219 1685 1491 1742 aggredimur.

252 1918 318 1962 23)
343 1918 488 1954 Boeckh
514 1919 535 1955 Ι.
562 1919 584 1954 1.
611 1930 645 1963 p.
675 1918 751 1955 102.
788 1917 913 1953 Bitschl
938 1918 959 1953 l.
987 1918 1007 1954 Ι.
1034 1928 1065 1961 ρ.
1100 1917 1150 1954 13.
1186 1916 1293 1957 Quam
1327 1929 1397 1953 rein
1430 1923 1557 1954 temere
1589 1918 1723 1964 impug-

180 1982 262 2012 nant
286 1977 438 2012 Rankius
462 1977 485 2011 l.
510 1977 533 2011 l.
559 1987 591 2022 p.
627 1976 690 2010 271
728 1981 762 2010 et
796 1977 984 2022 Wagnerus
1014 1977 1049 2010 in
1075 1974 1212 2016 Quaest.
1246 1976 1291 2011 de
1316 1976 1387 2010 nan
1430 1975 1532 2011 Arist.
1567 1975 1665 2021 Spec.
1700 1975 1724 2009 Ι.

181 2036 317 2078 (Vratisl
359 2035 466 2079 1846)
490 2037 559 2070 init.
584 2035 666 2069 Nam
691 2035 781 2080 quod
807 2035 931 2069 Pacem
958 2035 1082 2079 paullis
1108 2035 1237 2076 diebus,
1264 2040 1442 2080 antequam
1463 2040 1538 2068 acta
1565 2035 1624 2076 sit,
1648 2045 1725 2069 esne

180 2094 407 2138 conscriptam
433 2092 501 2135 (01,
527 2093 586 2135 89,
610 2092 651 2135 3)
678 2093 807 2136 dicunt,
834 2093 900 2127 hoc
926 2093 1016 2127 nulla
1044 2093 1177 2139 quidem
1203 2103 1240 2126 re
1264 2092 1515 2136 comprobatur.
1549 2092 1590 2126 Et
1615 2103 1724 2138 quan-

180 2158 251 2187 tum
275 2151 373 2187 distat
397 2151 467 2187 Pax
494 2163 512 2186 a
539 2150 661 2188 Ranisl
687 2150 839 2186 Cratinus
865 2152 918 2186 vel
944 2151 1117 2199 gloriatur,
1142 2161 1220 2186 sese
1247 2152 1302 2186 vix
1328 2150 1459 2185 duobus
1482 2152 1577 2185 annis
1602 2150 1723 2185 Chiro-

179 2221 241 2245 ues
267 2211 469 2262 confecisse,
496 2210 616 2244 dicens
641 2212 712 2254 (ap.
739 2210 871 2244 Aristid.
901 2210 958 2252 49,
983 2210 1021 2246 Τ.
1044 2210 1074 2243 ll
1089 2236 1098 2253 ‚
1125 2222 1156 2255 p.
1171 2212 1238 2246 521
1266 2210 1404 2252 Dind.):
1437 2210 1576 2254 ταῦτα
1608 2210 1726 2254 δυοῖν

180 2267 224 2313 ἐν
255 2267 372 2313 ἐτοῖν
393 2264 493 2327 ἡμῖν
511 2264 638 2325 μόλις
668 2262 933 2327 ἐξεπονήθη,
965 2268 1079 2314 Bergk
1105 2268 1148 2302 de
1174 2269 1260 2314 reliq
1297 2280 1386 2304 com.
1412 2270 1477 2303 Att.
1503 2281 1536 2313 p.
1562 2267 1632 2303 219
1651 2278 1725 2312 seq.

248 2340 312 2383 24)
338 2338 387 2375 cf.
412 2339 556 2376 Boeckh
580 2339 603 2378 l.
629 2339 650 2376 l.
677 2350 710 2384 p.
735 2337 780 2373 97
808 2344 919 2374 annot.
952 2341 1029 2377 120.
1055 2338 1154 2384 Corp.
1182 2338 1266 2376 inec.
1293 2338 1333 2374 ll.
1360 2350 1394 2385 p.
1420 2340 1497 2376 342.

249 2399 311 2441 25)
336 2399 408 2433 Suo
435 2399 575 2444 quidem
601 2398 675 2432 iure
701 2397 855 2442 Meyerus
880 2399 914 2432 in
941 2403 1154 2432 commentat.
1182 2397 1194 2431 ἔ
1231 2398 1273 2432 de
1298 2399 1397 2433 Arist,
1424 2398 1506 2432 Ran.
1534 2398 1621 2440 (ind.
1648 2397 1728 2431 lect.

179 2456 239 2493 nal
283 2456 388 2500 1836)
415 2469 445 2503 p.
472 2457 494 2496 9
520 2455 706 2497 contendit,
732 2455 953 2503 quorumdam
980 2460 1152 2501 poetarum
1178 2467 1297 2491 vanam
1334 2462 1368 2490 et
1406 2455 1579 2490 ridiculam
1604 2464 1728 2501 garru-

178 2518 304 2552 litatem
331 2524 366 2552 et
399 2517 576 2552 obscuram
613 2518 797 2551 orationem
830 2522 927 2551 cantu
964 2515 1129 2550 Ranarum
1164 2521 1211 2556 (v.
1236 2516 1304 2553 210
1337 2517 1432 2561 seq)
1467 2514 1592 2556 rideri,
1626 2524 1725 2560 quem

180 2581 315 2610 cantum
348 2586 392 2610 ex
425 2575 526 2610 variis
559 2576 728 2609 variorum
766 2574 1053 2619 dithyramboruni
1100 2579 1132 2607 et
1169 2576 1372 2621 tragicorum
1416 2578 1447 2605 et
1487 2583 1528 2604 ex
1564 2571 1727 2614 Euripidis

180 2636 387 2681 potissimum
413 2634 615 2670 carminibus
640 2646 717 2670 esse
743 2640 924 2678 sumptum,
951 2634 1032 2668 satis
1058 2638 1206 2677 apparet.
1244 2632 1365 2667 Errant
1390 2635 1503 2665 autem
1530 2629 1728 2675 Brumoyins

180 2700 215 2728 et
239 2694 275 2727 B.
304 2693 527 2736 Thierschius,
554 2704 695 2739 quorum
723 2692 779 2727 ille
805 2698 926 2736 poetas
962 2701 1081 2726 omnes
1112 2693 1274 2736 tragicos,
1298 2690 1352 2724 hic
1394 2688 1588 2732 Euripidem
1614 2688 1727 2722 Rana-

181 2764 253 2787 rum
279 2752 506 2798 coryphaeum
532 2752 591 2786 illo
617 2758 716 2786 cantu
744 2752 886 2786 maxime
912 2750 1016 2785 rideri
1043 2754 1150 2794 putat.
