1982 3007
813 388 1031 478 Caput
1078 393 1129 459 1.

359 560 589 612 Iudicium
626 557 965 627 Aristophanis
1001 558 1060 610 de
1095 560 1291 627 tragicis
1329 562 1594 627 exponitur.

324 703 444 747 Poeta
465 701 643 744 comicus
665 699 910 756 Aeschylum
931 711 1080 742 summa
1102 698 1223 742 effert
1244 698 1362 743 laude
1384 700 1636 756 maximeque
1658 712 1743 743 eam

207 773 258 815 ob
280 785 452 824 causam,
482 770 592 826 quod
613 770 774 815 fabulae
796 768 1049 828 Aeschyleae
1069 770 1253 813 homines
1275 771 1325 812 ad
1346 771 1515 813 virtutes
1535 770 1746 825 bonosque

208 831 341 889 mores
361 841 558 886 reducere
578 842 746 899 possint.
777 841 931 885 Etenim
961 853 1043 884 non
1075 841 1196 884 modo
1230 840 1393 895 chorus,
1426 842 1492 896 qui
1522 854 1576 884 ex
1606 842 1745 897 mystis

206 917 363 954 constat
382 917 421 954 et
441 913 671 954 sententiam
694 916 840 966 poetae
863 912 1104 965 pronuntiat,
1125 924 1147 953 a
1169 911 1346 965 partibus
1368 911 1558 966 Aeschyli
1574 904 1651 963 est,
1671 912 1745 954 sed

206 983 323 1025 etiam
344 982 525 1025 Bacchus
547 994 681 1023 mores
704 981 839 1036 varios
861 985 902 1023 et
923 980 1131 1024 mutabiles
1151 980 1382 1036 lepidissimi
1404 982 1598 1036 cuiusque
1615 982 1746 1024 Athe-

206 1052 356 1094 niensis
379 1064 475 1107 prae
497 1063 543 1094 se
565 1050 719 1103 ferens,
752 1062 988 1105 quamquam
1010 1048 1243 1106 Euripidem
1265 1064 1318 1092 ex
1342 1049 1479 1091 inferis
1500 1052 1745 1105 repetiturus

206 1125 283 1175 est,
297 1120 499 1177 Aeschylo
519 1120 661 1163 multas
680 1120 815 1163 tribuit
834 1119 989 1162 laudes.
1011 1119 1171 1162 Maximi
1192 1124 1323 1162 autem
1337 1122 1524 1163 momenti
1541 1126 1615 1171 est,
1637 1120 1745 1176 quod

204 1193 293 1247 ipse
312 1191 540 1246 Euripides,
570 1192 610 1233 in
640 1191 917 1233 adversarium
946 1190 1206 1232 acerbissime
1234 1190 1451 1243 invehens,
1482 1192 1627 1233 invitus
1656 1193 1746 1234 Ae-

206 1261 388 1316 schylum
421 1261 548 1316 magis
578 1260 724 1311 laudat,
755 1272 872 1313 quam
912 1261 1110 1314 vituperat
1148 1266 1189 1302 et
1218 1260 1290 1309 iis,
1323 1265 1493 1314 propter
1523 1273 1627 1315 quae
1658 1261 1745 1303 Ae-

204 1329 388 1386 schylum
419 1335 459 1373 et
489 1330 644 1386 poesim
674 1331 760 1373 eius
790 1328 1076 1385 reprehendit,
1115 1342 1163 1373 se
1191 1329 1324 1385 ipsum
1354 1328 1561 1372 ridiculum
1601 1330 1741 1387 sophi-

207 1405 323 1451 stam,
352 1400 419 1453 qui
450 1400 620 1456 singulis
652 1399 809 1454 quidem
841 1412 1005 1452 operam
1032 1404 1174 1451 navet,
1205 1401 1325 1441 totius
1367 1406 1496 1441 autem
1535 1402 1630 1442 artis
1662 1407 1746 1442 tra-

207 1470 323 1527 gicae
354 1482 483 1526 paene
514 1470 679 1526 ignarus
707 1470 773 1523 sit,
804 1468 974 1525 praebet
993 1468 1151 1524 sibique
1181 1468 1257 1524 ipsi
1278 1469 1385 1512 litem
1416 1469 1598 1512 intendit.
1631 1469 1744 1520 Quae

210 1539 464 1595 Aristophani
495 1539 534 1581 in
565 1540 804 1595 Aeschyleis
836 1538 980 1581 fabulis
1010 1538 1272 1593 vituperanda
1314 1539 1512 1590 videntur,
1540 1539 1746 1581 lenissime

206 1615 406 1652 notantur.
441 1632 492 1638 -
525 1609 751 1664 Aeschylus
792 1610 947 1652 comico
989 1611 1121 1663 imago
1163 1609 1318 1651 virtutis
1358 1609 1514 1652 illorum
1554 1616 1640 1661 est,
1678 1611 1745 1665 qui

208 1679 257 1722 ad
287 1679 556 1723 Marathonem
588 1684 818 1735 pugnarunt
847 1676 950 1732 (τῶν
981 1676 1424 1738 Μαραθωνομαχῶν).
1475 1679 1628 1722 lnducit
1658 1693 1746 1721 eum

208 1749 286 1793 alto
318 1748 566 1811 excelsoque
596 1750 725 1792 animo
754 1755 794 1791 et
823 1762 977 1793 summa
1020 1750 1237 1792 severitate
1266 1762 1313 1792 ac
1351 1752 1551 1808 gravitate
1584 1752 1746 1806 praedi-

206 1825 302 1862 tum.
340 1819 567 1862 Garrulitati
609 1819 812 1876 Euripidis
860 1820 1034 1862 divinum
1089 1822 1257 1877 opponit
1303 1820 1501 1864 silentium
1528 1822 1619 1874 ²⁶),
1660 1834 1746 1865 cum

208 1890 405 1934 aemulum
435 1892 504 1933 vix
534 1890 708 1948 dignum,
750 1893 815 1935 cui
854 1890 1123 1948 respondeat,
1152 1896 1280 1948 putet.
1341 1892 1505 1936 Tantum
1535 1893 1677 1947 abest,
1707 1898 1749 1936 ut

207 1960 363 2003 laudem
405 1961 664 2004 multitudinis
706 1967 893 2017 appetat,
938 1968 979 2004 ut
1009 1962 1119 2019 vulgi
1161 1962 1308 2003 nullam
1350 1964 1510 2004 omnino
1551 1964 1746 2006 rationem

209 2030 363 2072 habeat.
395 2031 456 2072 Ne
488 2030 798 2073 Atheniensibus
829 2032 989 2085 quidem
1032 2032 1084 2074 de
1126 2031 1347 2086 praeclaris
1389 2029 1519 2087 poetis
1550 2033 1747 2076 iudicandi

209 2110 301 2140 esse
333 2098 567 2152 facultatem,
600 2099 744 2141 iudicat
768 2101 855 2153 27,);
886 2113 962 2143 nec
991 2101 1163 2143 libenter
1193 2113 1281 2142 cum
1323 2102 1514 2157 Euripide
1546 2108 1747 2145 certamen

208 2168 294 2221 init,
323 2180 410 2211 cum
441 2181 551 2213 suam
583 2171 736 2225 poesim
777 2184 871 2214 esse
912 2171 1201 2226 immortalem,
1232 2171 1335 2214 illam
1378 2178 1507 2215 autem
1547 2173 1747 2229 Euripidis

210 2244 339 2281 morte
371 2238 543 2282 deletam
571 2240 688 2283 ducat
714 2241 793 2290 ²⁸).

278 2405 338 2446 26)
363 2404 432 2438 Ran
470 2415 504 2440 v.
526 2404 596 2439 80⁴
620 2416 692 2451 seq.
720 2407 793 2443 (ed.
819 2406 960 2453 Bergk).

278 2463 342 2503 27)
366 2474 400 2500 v.
436 2461 524 2501 80⁷:
557 2458 657 2509 οὔτε
685 2459 766 2525 yde
797 2461 1076 2525 Ἀθηναίοισι
1107 2463 1317 2522 συνέβαιν’
1348 2462 1586 2520 Αἰσχύλος.

279 2537 341 2576 28)
366 2547 398 2572 v.
433 2535 521 2572 86⁷2
557 2531 624 2580 ὅτι
655 2531 682 2592 ἦ
713 2535 890 2595 ποίησις
919 2531 1014 2588 οὐχὶ
1046 2535 1305 2596 συντέθνηκέ
1335 2554 1424 2592 μοι,

557 2587 695 2654 τούτῳ
725 2592 773 2638 δὲ
805 2593 1102 2656 συντέθνηκεν,
1129 2590 1247 2641 ὥσθ’
1277 2593 1363 2653 ἕξει
1395 2593 1539 2653 λέγειν.

209 2664 357 2711 Egregie
383 2671 481 2710 poeta
506 2666 582 2701 lusit
606 2668 640 2700 in
667 2665 773 2701 verbo
816 2665 1113 2726 συντέθνηκεν,
1144 2667 1235 2714 quod
1279 2672 1348 2701 est:
1390 2668 1485 2702 simul
1535 2667 1576 2701 ad
1622 2668 1747 2701 inferos

210 2722 311 2763 venit,
336 2727 388 2758 et:
415 2723 513 2758 simul
538 2728 642 2759 morte
667 2723 781 2759 deleta
808 2729 869 2763 est,
895 2724 940 2760 cf
972 2724 1140 2760 Hermann
1179 2724 1221 2760 ud
1246 2724 1348 2771 Soph.
1374 2724 1457 2761 Phil.
1482 2735 1513 2760 v.
1543 2725 1642 2760 1⁴29.
