<?xml version="1.0" encoding="UTF-8"?>
<!DOCTYPE html PUBLIC "-//W3C//DTD XHTML 1.0 Transitional//EN"
    "http://www.w3.org/TR/xhtml1/DTD/xhtml1-transitional.dtd">
<html xmlns="http://www.w3.org/1999/xhtml" xml:lang="en" lang="en">
 <head>
  <title>
</title>
<meta http-equiv="Content-Type" content="text/html;charset=utf-8" />
  <meta name='ocr-system' content='tesseract 3.04.00' />
  <meta name='ocr-capabilities' content='ocr_page ocr_carea ocr_par ocr_line ocrx_word'/>
</head>
<body>
  <div class='ocr_page' id='page_1' title='image "4738121_0078.png"; bbox 0 0 1982 3007; ppageno 0'>
   <div class='ocr_carea' id='block_1_1' title="bbox 981 88 1047 139">
    <p class='ocr_par' dir='ltr' id='par_1_1' title="bbox 981 88 1047 139">
     <span class='ocr_line' id='line_1_1' title="bbox 981 88 1047 139; baseline 0.03 -2"><span class='ocrx_word' id='word_1_1' title='bbox 981 88 1047 139; x_wconf 75' lang='lat'>68</span> 
     </span>
    </p>
   </div>
   <div class='ocr_carea' id='block_1_2' title="bbox 226 226 1786 2138">
    <p class='ocr_par' dir='ltr' id='par_1_2' title="bbox 237 226 1786 572">
     <span class='ocr_line' id='line_1_2' title="bbox 241 226 1786 287; baseline 0.002 -17"><span class='ocrx_word' id='word_1_2' title='bbox 241 226 358 284; x_wconf 82' lang='lat' dir='ltr'>dent3</span> <span class='ocrx_word' id='word_1_3' title='bbox 389 239 506 282; x_wconf 78' lang='lat' dir='ltr'>quam</span> <span class='ocrx_word' id='word_1_4' title='bbox 536 227 591 272; x_wconf 84' lang='lat' dir='ltr'>ob</span> <span class='ocrx_word' id='word_1_5' title='bbox 620 239 783 272; x_wconf 73' lang='lat' dir='ltr'>causum</span> <span class='ocrx_word' id='word_1_6' title='bbox 811 230 1050 287; x_wconf 83' lang='lat' dir='ltr'>pervulgata</span> <span class='ocrx_word' id='word_1_7' title='bbox 1081 229 1248 273; x_wconf 82' lang='lat' dir='ltr'>Athenis</span> <span class='ocrx_word' id='word_1_8' title='bbox 1284 229 1413 273; x_wconf 82' lang='lat' dir='ltr'>fuisse</span> <span class='ocrx_word' id='word_1_9' title='bbox 1443 228 1605 275; x_wconf 73' lang='lat' dir='ltr'>videtur</span> <span class='ocrx_word' id='word_1_10' title='bbox 1635 229 1786 286; x_wconf 69' lang='lat' dir='ltr'>opinio,</span> 
     </span>
     <span class='ocr_line' id='line_1_3' title="bbox 239 297 1786 357; baseline 0.001 -15"><span class='ocrx_word' id='word_1_11' title='bbox 239 297 471 355; x_wconf 75' lang='lat' dir='ltr'>Euripidem</span> <span class='ocrx_word' id='word_1_12' title='bbox 501 299 542 342; x_wconf 92' lang='lat' dir='ltr'>in</span> <span class='ocrx_word' id='word_1_13' title='bbox 570 299 795 357; x_wconf 87' lang='lat' dir='ltr'>tragoediis</span> <span class='ocrx_word' id='word_1_14' title='bbox 825 300 1131 344; x_wconf 84' lang='lat' dir='ltr'>conseribendis</span> <span class='ocrx_word' id='word_1_15' title='bbox 1171 314 1193 343; x_wconf 89' lang='lat' dir='ltr'>a</span> <span class='ocrx_word' id='word_1_16' title='bbox 1233 299 1486 356; x_wconf 85' lang='lat' dir='ltr'>philosophis</span> <span class='ocrx_word' id='word_1_17' title='bbox 1526 306 1568 343; x_wconf 88' lang='lat' dir='ltr'>et</span> <span class='ocrx_word' id='word_1_18' title='bbox 1594 301 1786 357; x_wconf 76' lang='lat' dir='ltr'>imprimis</span> 
     </span>
     <span class='ocr_line' id='line_1_4' title="bbox 237 368 1616 428; baseline 0.004 -16"><span class='ocrx_word' id='word_1_19' title='bbox 237 382 260 412; x_wconf 84' lang='lat' dir='ltr'>a</span> <span class='ocrx_word' id='word_1_20' title='bbox 290 370 458 415; x_wconf 87' lang='lat' dir='ltr'>Socrate</span> <span class='ocrx_word' id='word_1_21' title='bbox 488 370 679 414; x_wconf 79' lang='lat' dir='ltr'>adiuvari.</span> <span class='ocrx_word' id='word_1_22' title='bbox 710 370 849 426; x_wconf 85' lang='lat' dir='ltr'>ltaque</span> <span class='ocrx_word' id='word_1_23' title='bbox 880 370 1106 415; x_wconf 84' lang='lat' dir='ltr'>Teleclides</span> <span class='ocrx_word' id='word_1_24' title='bbox 1136 384 1202 427; x_wconf 75' lang='lat' dir='ltr'>ap.</span> <span class='ocrx_word' id='word_1_25' title='bbox 1231 371 1351 428; x_wconf 84' lang='lat' dir='ltr'>Diog.</span> <span class='ocrx_word' id='word_1_26' title='bbox 1382 370 1427 414; x_wconf 83' lang='lat' dir='ltr'>L.</span> <span class='ocrx_word' id='word_1_27' title='bbox 1459 369 1506 425; x_wconf 84' lang='lat' dir='ltr'>u,</span> <span class='ocrx_word' id='word_1_28' title='bbox 1536 368 1616 417; x_wconf 69' lang='lat'>182</span> 
     </span>
     <span class='ocr_line' id='line_1_5' title="bbox 452 433 1523 499; baseline -0.002 -15"><span class='ocrx_word' id='word_1_29' title='bbox 452 436 624 499; x_wconf 77' lang='grc' dir='ltr'><strong><em>Φρύγες</em></strong></span> <span class='ocrx_word' id='word_1_30' title='bbox 653 436 748 485; x_wconf 77' lang='grc' dir='ltr'>ἐστὶ</span> <span class='ocrx_word' id='word_1_31' title='bbox 776 433 922 485; x_wconf 74' lang='grc' dir='ltr'><strong><em>καινὸν</em></strong></span> <span class='ocrx_word' id='word_1_32' title='bbox 951 438 1095 498; x_wconf 79' lang='grc' dir='ltr'><strong><em>δρᾶμα</em></strong></span> <span class='ocrx_word' id='word_1_33' title='bbox 1125 439 1242 485; x_wconf 80' lang='grc' dir='ltr'><strong><em>τοῦτ’</em></strong></span> <span class='ocrx_word' id='word_1_34' title='bbox 1272 433 1523 499; x_wconf 75' lang='grc' dir='ltr'><strong><em>Εὖριπίδου,</em></strong></span> 
     </span>
     <span class='ocr_line' id='line_1_6' title="bbox 446 503 1429 572; baseline 0.001 -18"><span class='ocrx_word' id='word_1_35' title='bbox 446 503 484 568; x_wconf 81' lang='grc' dir='ltr'><em>ᾧ</em></span> <span class='ocrx_word' id='word_1_36' title='bbox 512 509 583 556; x_wconf 72' lang='grc' dir='ltr'>καὶ</span> <span class='ocrx_word' id='word_1_37' title='bbox 611 505 669 555; x_wconf 71' lang='grc' dir='ltr'>τὰ</span> <span class='ocrx_word' id='word_1_38' title='bbox 697 506 876 572; x_wconf 79' lang='grc' dir='ltr'><strong><em>φρύγαν’</em></strong></span> <span class='ocrx_word' id='word_1_39' title='bbox 907 505 1154 570; x_wconf 75' lang='grc' dir='ltr'><strong><em>ὑποτίθησι</em></strong></span> <span class='ocrx_word' id='word_1_40' title='bbox 1183 507 1429 571; x_wconf 78' lang='grc' dir='ltr'><strong><em>Σωκράτης.</em></strong></span> 
     </span>
    </p>

    <p class='ocr_par' dir='ltr' id='par_1_3' title="bbox 229 592 1784 1289">
     <span class='ocr_line' id='line_1_7' title="bbox 235 592 1781 648; baseline -0.001 -11"><span class='ocrx_word' id='word_1_41' title='bbox 235 592 528 637; x_wconf 71' lang='lat' dir='ltr'><strong>Mnesilochum</strong></span> <span class='ocrx_word' id='word_1_42' title='bbox 568 595 608 637; x_wconf 94' lang='lat' dir='ltr'>in</span> <span class='ocrx_word' id='word_1_43' title='bbox 653 595 730 639; x_wconf 87' lang='lat' dir='ltr'>hac</span> <span class='ocrx_word' id='word_1_44' title='bbox 769 595 904 640; x_wconf 82' lang='lat' dir='ltr'>sabula</span> <span class='ocrx_word' id='word_1_45' title='bbox 942 594 1157 640; x_wconf 87' lang='lat' dir='ltr'>Teleclidis</span> <span class='ocrx_word' id='word_1_46' title='bbox 1197 595 1424 640; x_wconf 75' lang='lat' dir='ltr'>Choerilum</span> <span class='ocrx_word' id='word_1_47' title='bbox 1466 593 1597 648; x_wconf 81' lang='lat' dir='ltr'>filiam,</span> <span class='ocrx_word' id='word_1_48' title='bbox 1637 594 1781 637; x_wconf 75' lang='lat' dir='ltr'>novam</span> 
     </span>
     <span class='ocr_line' id='line_1_8' title="bbox 233 665 1778 722; baseline 0.001 -16"><span class='ocrx_word' id='word_1_49' title='bbox 233 669 383 718; x_wconf 88' lang='lat' dir='ltr'>poetae</span> <span class='ocrx_word' id='word_1_50' title='bbox 412 665 552 722; x_wconf 80' lang='lat' dir='ltr'>tragici</span> <span class='ocrx_word' id='word_1_51' title='bbox 582 677 770 720; x_wconf 88' lang='lat' dir='ltr'>uxorem,</span> <span class='ocrx_word' id='word_1_52' title='bbox 799 667 841 709; x_wconf 90' lang='lat' dir='ltr'>in</span> <span class='ocrx_word' id='word_1_53' title='bbox 871 666 1031 710; x_wconf 91' lang='lat' dir='ltr'>domum</span> <span class='ocrx_word' id='word_1_54' title='bbox 1059 665 1264 722; x_wconf 81' lang='lat' dir='ltr'>Euripidis</span> <span class='ocrx_word' id='word_1_55' title='bbox 1291 666 1558 709; x_wconf 87' lang='lat' dir='ltr'>deducturum</span> <span class='ocrx_word' id='word_1_56' title='bbox 1589 677 1685 709; x_wconf 86' lang='lat' dir='ltr'>osse</span> <span class='ocrx_word' id='word_1_57' title='bbox 1712 666 1778 708; x_wconf 87' lang='lat' dir='ltr'>in-</span> 
     </span>
     <span class='ocr_line' id='line_1_9' title="bbox 234 732 1784 793; baseline 0.001 -16"><span class='ocrx_word' id='word_1_58' title='bbox 234 732 420 789; x_wconf 89' lang='lat' dir='ltr'>ductum,</span> <span class='ocrx_word' id='word_1_59' title='bbox 459 734 680 792; x_wconf 84' lang='lat' dir='ltr'>probabilis</span> <span class='ocrx_word' id='word_1_60' title='bbox 717 736 863 781; x_wconf 88' lang='lat' dir='ltr'>Ritteri</span> <span class='ocrx_word' id='word_1_61' title='bbox 904 743 968 781; x_wconf 90' lang='lat' dir='ltr'>est</span> <span class='ocrx_word' id='word_1_62' title='bbox 1010 738 1266 793; x_wconf 85' lang='lat' dir='ltr'>coniectura,</span> <span class='ocrx_word' id='word_1_63' title='bbox 1296 738 1348 781; x_wconf 87' lang='lat' dir='ltr'>ita</span> <span class='ocrx_word' id='word_1_64' title='bbox 1379 742 1423 781; x_wconf 90' lang='lat' dir='ltr'>ut</span> <span class='ocrx_word' id='word_1_65' title='bbox 1458 747 1608 781; x_wconf 85' lang='lat' dir='ltr'>novum</span> <span class='ocrx_word' id='word_1_66' title='bbox 1649 733 1784 793; x_wconf 78' lang='lat' dir='ltr'>drama</span> 
     </span>
     <span class='ocr_line' id='line_1_10' title="bbox 232 804 1781 866; baseline 0.001 -18"><span class='ocrx_word' id='word_1_67' title='bbox 232 804 434 862; x_wconf 85' lang='lat' dir='ltr'>Euripidis</span> <span class='ocrx_word' id='word_1_68' title='bbox 466 807 622 852; x_wconf 85' lang='lat' dir='ltr'>dicatur</span> <span class='ocrx_word' id='word_1_69' title='bbox 650 808 787 852; x_wconf 87' lang='lat' dir='ltr'>Melito</span> <span class='ocrx_word' id='word_1_70' title='bbox 818 808 931 865; x_wconf 91' lang='lat' dir='ltr'>prior</span> <span class='ocrx_word' id='word_1_71' title='bbox 958 821 1064 852; x_wconf 85' lang='lat' dir='ltr'>uxor</span> <span class='ocrx_word' id='word_1_72' title='bbox 1104 809 1153 852; x_wconf 89' lang='lat' dir='ltr'>ab</span> <span class='ocrx_word' id='word_1_73' title='bbox 1183 810 1273 865; x_wconf 88' lang='lat' dir='ltr'>ipso</span> <span class='ocrx_word' id='word_1_74' title='bbox 1302 808 1511 866; x_wconf 86' lang='lat' dir='ltr'>repudiata</span> <span class='ocrx_word' id='word_1_75' title='bbox 1550 821 1599 852; x_wconf 89' lang='lat' dir='ltr'>ac</span> <span class='ocrx_word' id='word_1_76' title='bbox 1629 806 1781 865; x_wconf 79' lang='lat' dir='ltr'>Cephi-</span> 
     </span>
     <span class='ocr_line' id='line_1_11' title="bbox 234 877 1780 936; baseline 0.001 -16"><span class='ocrx_word' id='word_1_77' title='bbox 234 877 425 934; x_wconf 87' lang='lat' dir='ltr'>sophonti</span> <span class='ocrx_word' id='word_1_78' title='bbox 465 892 589 923; x_wconf 87' lang='lat' dir='ltr'>servo</span> <span class='ocrx_word' id='word_1_79' title='bbox 630 892 826 925; x_wconf 85' lang='lat' dir='ltr'>concessa</span> <span class='ocrx_word' id='word_1_80' title='bbox 873 881 1208 936; x_wconf 86' lang='lat' dir='ltr'>matrimonioque</span> <span class='ocrx_word' id='word_1_81' title='bbox 1246 881 1394 925; x_wconf 82' lang='lat' dir='ltr'>iuncta.</span> <span class='ocrx_word' id='word_1_82' title='bbox 1451 879 1636 924; x_wconf 78' lang='lat' dir='ltr'>Fabulam</span> <span class='ocrx_word' id='word_1_83' title='bbox 1676 879 1780 922; x_wconf 88' lang='lat' dir='ltr'>enim</span> 
     </span>
     <span class='ocr_line' id='line_1_12' title="bbox 233 946 1781 1008; baseline 0.003 -19"><span class='ocrx_word' id='word_1_84' title='bbox 233 946 419 1005; x_wconf 78' lang='lat' dir='ltr'><strong>Phryges</strong></span> <span class='ocrx_word' id='word_1_85' title='bbox 436 950 494 1001; x_wconf 83' lang='lat'>⁵¹)</span> <span class='ocrx_word' id='word_1_86' title='bbox 525 963 618 995; x_wconf 87' lang='lat' dir='ltr'>esse</span> <span class='ocrx_word' id='word_1_87' title='bbox 638 952 882 1006; x_wconf 74' lang='lat' dir='ltr'>inscriptam,</span> <span class='ocrx_word' id='word_1_88' title='bbox 913 952 1023 1007; x_wconf 88' lang='lat' dir='ltr'>quod</span> <span class='ocrx_word' id='word_1_89' title='bbox 1046 951 1333 1008; x_wconf 88' lang='lat' dir='ltr'>Cephisophon</span> <span class='ocrx_word' id='word_1_90' title='bbox 1353 952 1393 994; x_wconf 91' lang='lat' dir='ltr'>in</span> <span class='ocrx_word' id='word_1_91' title='bbox 1423 952 1487 994; x_wconf 81' lang='lat' dir='ltr'>illa</span> <span class='ocrx_word' id='word_1_92' title='bbox 1507 957 1644 1007; x_wconf 87' lang='lat' dir='ltr'>partes</span> <span class='ocrx_word' id='word_1_93' title='bbox 1674 961 1781 1008; x_wconf 87' lang='lat' dir='ltr'>ege-</span> 
     </span>
     <span class='ocr_line' id='line_1_13' title="bbox 230 1013 1780 1079; baseline 0.002 -19"><span class='ocrx_word' id='word_1_94' title='bbox 230 1018 297 1071; x_wconf 90' lang='lat' dir='ltr'>rit,</span> <span class='ocrx_word' id='word_1_95' title='bbox 327 1019 591 1076; x_wconf 85' lang='lat' dir='ltr'>Welckerus,</span> <span class='ocrx_word' id='word_1_96' title='bbox 621 1022 685 1065; x_wconf 85' lang='lat' dir='ltr'>vir</span> <span class='ocrx_word' id='word_1_97' title='bbox 714 1034 908 1076; x_wconf 81' lang='lat' dir='ltr'>summuS,</span> <span class='ocrx_word' id='word_1_98' title='bbox 939 1023 1108 1079; x_wconf 83' lang='lat' dir='ltr'>egregie</span> <span class='ocrx_word' id='word_1_99' title='bbox 1139 1024 1319 1077; x_wconf 89' lang='lat' dir='ltr'>coniicit,</span> <span class='ocrx_word' id='word_1_100' title='bbox 1349 1022 1417 1077; x_wconf 92' lang='lat' dir='ltr'>qui</span> <span class='ocrx_word' id='word_1_101' title='bbox 1447 1015 1503 1064; x_wconf 79' lang='grc' dir='ltr'>τοέ</span> <span class='ocrx_word' id='word_1_102' title='bbox 1531 1013 1728 1079; x_wconf 78' lang='grc' dir='ltr'><strong><em>φρύγανα</em></strong></span> <span class='ocrx_word' id='word_1_103' title='bbox 1757 1032 1780 1062; x_wconf 83' lang='lat' dir='ltr'>a</span> 
     </span>
     <span class='ocr_line' id='line_1_14' title="bbox 231 1087 1781 1148; baseline 0.001 -17"><span class='ocrx_word' id='word_1_104' title='bbox 231 1087 403 1132; x_wconf 90' lang='lat' dir='ltr'>Socrate</span> <span class='ocrx_word' id='word_1_105' title='bbox 434 1092 648 1147; x_wconf 87' lang='lat' dir='ltr'>supposita</span> <span class='ocrx_word' id='word_1_106' title='bbox 679 1093 780 1135; x_wconf 91' lang='lat' dir='ltr'>scite</span> <span class='ocrx_word' id='word_1_107' title='bbox 810 1092 866 1135; x_wconf 90' lang='lat' dir='ltr'>ita</span> <span class='ocrx_word' id='word_1_108' title='bbox 896 1092 1183 1148; x_wconf 88' lang='lat' dir='ltr'>interpretatus</span> <span class='ocrx_word' id='word_1_109' title='bbox 1215 1098 1296 1146; x_wconf 79' lang='lat' dir='ltr'>est‚‘</span> <span class='ocrx_word' id='word_1_110' title='bbox 1321 1097 1365 1134; x_wconf 82' lang='lat' dir='ltr'>ut</span> <span class='ocrx_word' id='word_1_111' title='bbox 1395 1092 1586 1136; x_wconf 88' lang='lat' dir='ltr'>Socrates</span> <span class='ocrx_word' id='word_1_112' title='bbox 1616 1091 1781 1147; x_wconf 84' lang='lat' dir='ltr'>pravis-</span> 
     </span>
     <span class='ocr_line' id='line_1_15' title="bbox 231 1158 1780 1218; baseline 0.002 -17"><span class='ocrx_word' id='word_1_113' title='bbox 231 1158 341 1203; x_wconf 81' lang='lat' dir='ltr'>simis</span> <span class='ocrx_word' id='word_1_114' title='bbox 372 1162 605 1218; x_wconf 77' lang='lat' dir='ltr'>praeceptis</span> <span class='ocrx_word' id='word_1_115' title='bbox 635 1161 801 1206; x_wconf 81' lang='lat' dir='ltr'>foedum</span> <span class='ocrx_word' id='word_1_116' title='bbox 831 1162 928 1206; x_wconf 90' lang='lat' dir='ltr'>illud</span> <span class='ocrx_word' id='word_1_117' title='bbox 972 1162 1109 1206; x_wconf 84' lang='lat' dir='ltr'>drama</span> <span class='ocrx_word' id='word_1_118' title='bbox 1141 1163 1328 1207; x_wconf 81' lang='lat' dir='ltr'>incitasse</span> <span class='ocrx_word' id='word_1_119' title='bbox 1368 1162 1523 1206; x_wconf 89' lang='lat' dir='ltr'>dicatur</span> <span class='ocrx_word' id='word_1_120' title='bbox 1544 1161 1619 1211; x_wconf 76' lang='lat'><strong>⁶²).</strong></span> <span class='ocrx_word' id='word_1_121' title='bbox 1677 1161 1780 1204; x_wconf 89' lang='lat' dir='ltr'>Din-</span> 
     </span>
     <span class='ocr_line' id='line_1_16' title="bbox 229 1229 1779 1289; baseline 0.002 -17"><span class='ocrx_word' id='word_1_122' title='bbox 229 1229 385 1273; x_wconf 84' lang='lat' dir='ltr'>dorfius</span> <span class='ocrx_word' id='word_1_123' title='bbox 415 1237 624 1275; x_wconf 80' lang='lat' dir='ltr'>auctorem</span> <span class='ocrx_word' id='word_1_124' title='bbox 654 1234 759 1277; x_wconf 83' lang='lat' dir='ltr'>vitae</span> <span class='ocrx_word' id='word_1_125' title='bbox 776 1234 913 1289; x_wconf 86' lang='lat' dir='ltr'>Eurip.</span> <span class='ocrx_word' id='word_1_126' title='bbox 934 1233 1065 1278; x_wconf 91' lang='lat' dir='ltr'>solum</span> <span class='ocrx_word' id='word_1_127' title='bbox 1085 1234 1311 1289; x_wconf 88' lang='lat' dir='ltr'>respiciens</span> <span class='ocrx_word' id='word_1_128' title='bbox 1331 1234 1461 1275; x_wconf 91' lang='lat' dir='ltr'>locum</span> <span class='ocrx_word' id='word_1_129' title='bbox 1481 1234 1541 1276; x_wconf 92' lang='lat' dir='ltr'>sic</span> <span class='ocrx_word' id='word_1_130' title='bbox 1571 1232 1779 1275; x_wconf 83' lang='lat' dir='ltr'>emendat:</span> 
     </span>
    </p>

    <p class='ocr_par' dir='ltr' id='par_1_4' title="bbox 349 1295 1691 1391">
     <span class='ocr_line' id='line_1_17' title="bbox 349 1295 1691 1391; baseline 0.001 -46"><span class='ocrx_word' id='word_1_131' title='bbox 349 1296 636 1359; x_wconf 77' lang='grc' dir='ltr'><strong><em>Μνησίλοχός</em></strong></span> <span class='ocrx_word' id='word_1_132' title='bbox 667 1297 758 1348; x_wconf 83' lang='grc' dir='ltr'><strong>ἐστ’</strong></span> <span class='ocrx_word' id='word_1_133' title='bbox 789 1300 964 1359; x_wconf 81' lang='grc' dir='ltr'><strong><em>ἐκεῖνος,</em></strong></span> <span class='ocrx_word' id='word_1_134' title='bbox 993 1295 1045 1354; x_wconf 82' lang='grc' dir='ltr'>ὃς</span> <span class='ocrx_word' id='word_1_135' title='bbox 1073 1296 1229 1391; x_wconf 81' lang='grc' dir='ltr'><strong><em>φρύγει</em></strong></span> <span class='ocrx_word' id='word_1_136' title='bbox 1259 1317 1302 1346; x_wconf 86' lang='grc' dir='ltr'>τι</span> <span class='ocrx_word' id='word_1_137' title='bbox 1331 1300 1475 1361; x_wconf 81' lang='grc' dir='ltr'><strong><em>δρᾶμα</em></strong></span> <span class='ocrx_word' id='word_1_138' title='bbox 1503 1296 1646 1346; x_wconf 78' lang='grc' dir='ltr'><strong><em>καινόν</em></strong></span> <span class='ocrx_word' id='word_1_139' title='bbox 1686 1319 1691 1331; x_wconf 90' lang='grc'><em>·</em></span> 
     </span>
    </p>

    <p class='ocr_par' dir='ltr' id='par_1_5' title="bbox 228 1364 1778 1630">
     <span class='ocr_line' id='line_1_18' title="bbox 346 1364 1536 1432; baseline 0.001 -17"><span class='ocrx_word' id='word_1_140' title='bbox 346 1365 564 1431; x_wconf 75' lang='grc' dir='ltr'>Εὐριπίδῃ</span> <span class='ocrx_word' id='word_1_141' title='bbox 593 1370 667 1415; x_wconf 81' lang='grc' dir='ltr'>καὶ</span> <span class='ocrx_word' id='word_1_142' title='bbox 695 1369 928 1432; x_wconf 68' lang='grc' dir='ltr'><strong><em>Συκράτης</em></strong></span> <span class='ocrx_word' id='word_1_143' title='bbox 955 1364 1013 1417; x_wconf 69' lang='grc' dir='ltr'>τὰ</span> <span class='ocrx_word' id='word_1_144' title='bbox 1042 1369 1223 1431; x_wconf 78' lang='grc' dir='ltr'><strong><em>φρύγαν’</em></strong></span> <span class='ocrx_word' id='word_1_145' title='bbox 1253 1367 1536 1431; x_wconf 56' lang='lat' dir='ltr'>finctionem,</span> 
     </span>
     <span class='ocr_line' id='line_1_19' title="bbox 228 1442 1778 1501; baseline -0.001 -16"><span class='ocrx_word' id='word_1_146' title='bbox 228 1452 347 1497; x_wconf 85' lang='lat' dir='ltr'>quam</span> <span class='ocrx_word' id='word_1_147' title='bbox 376 1442 593 1487; x_wconf 90' lang='lat' dir='ltr'>lectionem</span> <span class='ocrx_word' id='word_1_148' title='bbox 633 1444 901 1500; x_wconf 81' lang='lat' dir='ltr'>praeferrem,</span> <span class='ocrx_word' id='word_1_149' title='bbox 942 1444 1020 1488; x_wconf 87' lang='lat' dir='ltr'>nisi</span> <span class='ocrx_word' id='word_1_150' title='bbox 1051 1458 1075 1487; x_wconf 87' lang='lat' dir='ltr'>a</span> <span class='ocrx_word' id='word_1_151' title='bbox 1105 1444 1240 1487; x_wconf 86' lang='lat' dir='ltr'>verbis</span> <span class='ocrx_word' id='word_1_152' title='bbox 1270 1443 1465 1501; x_wconf 84' lang='lat' dir='ltr'>Diogenis</span> <span class='ocrx_word' id='word_1_153' title='bbox 1506 1443 1623 1486; x_wconf 75' lang='lat' dir='ltr'>nimIs</span> <span class='ocrx_word' id='word_1_154' title='bbox 1652 1454 1778 1485; x_wconf 87' lang='lat' dir='ltr'>rece-</span> 
     </span>
     <span class='ocr_line' id='line_1_20' title="bbox 228 1511 1778 1569; baseline 0 -15"><span class='ocrx_word' id='word_1_155' title='bbox 228 1512 358 1556; x_wconf 83' lang='lat' dir='ltr'>deret.</span> <span class='ocrx_word' id='word_1_156' title='bbox 390 1513 483 1556; x_wconf 86' lang='lat' dir='ltr'>Non</span> <span class='ocrx_word' id='word_1_157' title='bbox 514 1514 645 1558; x_wconf 87' lang='lat' dir='ltr'>minus</span> <span class='ocrx_word' id='word_1_158' title='bbox 676 1514 823 1558; x_wconf 85' lang='lat' dir='ltr'>acerba</span> <span class='ocrx_word' id='word_1_159' title='bbox 843 1520 937 1558; x_wconf 90' lang='lat' dir='ltr'>sunt</span> <span class='ocrx_word' id='word_1_160' title='bbox 966 1515 1093 1558; x_wconf 84' lang='lat' dir='ltr'>verba</span> <span class='ocrx_word' id='word_1_161' title='bbox 1122 1515 1202 1568; x_wconf 89' lang='lat' dir='ltr'>illa,</span> <span class='ocrx_word' id='word_1_162' title='bbox 1233 1527 1339 1569; x_wconf 88' lang='lat' dir='ltr'>quae</span> <span class='ocrx_word' id='word_1_163' title='bbox 1368 1526 1445 1558; x_wconf 86' lang='lat' dir='ltr'>suo</span> <span class='ocrx_word' id='word_1_164' title='bbox 1474 1514 1564 1557; x_wconf 91' lang='lat' dir='ltr'>iure</span> <span class='ocrx_word' id='word_1_165' title='bbox 1585 1511 1778 1557; x_wconf 88' lang='lat' dir='ltr'>Teleclidi</span> 
     </span>
     <span class='ocr_line' id='line_1_21' title="bbox 228 1581 581 1630; baseline 0.006 -3"><span class='ocrx_word' id='word_1_166' title='bbox 228 1581 365 1628; x_wconf 83' lang='lat' dir='ltr'>tribuit</span> <span class='ocrx_word' id='word_1_167' title='bbox 394 1583 581 1630; x_wconf 86' lang='lat' dir='ltr'>Dindorl&#39;.</span> 
     </span>
    </p>

    <p class='ocr_par' dir='ltr' id='par_1_6' title="bbox 369 1649 1271 1712">
     <span class='ocr_line' id='line_1_22' title="bbox 369 1649 1271 1712; baseline 0 -15"><span class='ocrx_word' id='word_1_168' title='bbox 369 1649 613 1712; x_wconf 74' lang='grc' dir='ltr'><strong><em>Εὐριπίδης</em></strong></span> <span class='ocrx_word' id='word_1_169' title='bbox 641 1649 712 1699; x_wconf 78' lang='grc' dir='ltr'>δ’ὁ</span> <span class='ocrx_word' id='word_1_170' title='bbox 741 1650 826 1706; x_wconf 71' lang='grc' dir='ltr'><strong><em>τοῖς</em></strong></span> <span class='ocrx_word' id='word_1_171' title='bbox 854 1652 1103 1712; x_wconf 78' lang='grc' dir='ltr'><strong><em>τραγῳδίας</em></strong></span> <span class='ocrx_word' id='word_1_172' title='bbox 1134 1652 1271 1698; x_wconf 79' lang='grc' dir='ltr'><strong><em>ποιῶν</em></strong></span> 
     </span>
    </p>

    <p class='ocr_par' dir='ltr' id='par_1_7' title="bbox 226 1717 1781 1924">
     <span class='ocr_line' id='line_1_23' title="bbox 367 1717 1549 1785; baseline 0 -17"><span class='ocrx_word' id='word_1_173' title='bbox 367 1717 448 1776; x_wconf 69' lang='grc' dir='ltr'>τὰς</span> <span class='ocrx_word' id='word_1_174' title='bbox 479 1721 879 1785; x_wconf 82' lang='grc' dir='ltr'><strong><em>σωκρατογόμφους</em></strong></span> <span class='ocrx_word' id='word_1_175' title='bbox 909 1717 1039 1778; x_wconf 84' lang='grc' dir='ltr'><strong><em>οὗτός</em></strong></span> <span class='ocrx_word' id='word_1_176' title='bbox 1069 1721 1162 1769; x_wconf 81' lang='grc' dir='ltr'><strong><em>ἐστι</em></strong></span> <span class='ocrx_word' id='word_1_177' title='bbox 1191 1717 1274 1777; x_wconf 72' lang='grc' dir='ltr'><strong><em>τοῖς</em></strong></span> <span class='ocrx_word' id='word_1_178' title='bbox 1305 1717 1448 1783; x_wconf 79' lang='grc' dir='ltr'><strong><em>σοφάς</em></strong></span> <span class='ocrx_word' id='word_1_179' title='bbox 1472 1723 1549 1776; x_wconf 81' lang='lat'>⁵³).</span> 
     </span>
     <span class='ocr_line' id='line_1_24' title="bbox 227 1793 1781 1853; baseline -0.003 -13"><span class='ocrx_word' id='word_1_180' title='bbox 227 1794 351 1840; x_wconf 88' lang='lat' dir='ltr'>Simili</span> <span class='ocrx_word' id='word_1_181' title='bbox 380 1796 505 1838; x_wconf 91' lang='lat' dir='ltr'>modo</span> <span class='ocrx_word' id='word_1_182' title='bbox 541 1796 689 1839; x_wconf 87' lang='lat' dir='ltr'>Callias</span> <span class='ocrx_word' id='word_1_183' title='bbox 707 1797 941 1853; x_wconf 88' lang='lat' dir='ltr'>Euripidem</span> <span class='ocrx_word' id='word_1_184' title='bbox 962 1796 1242 1852; x_wconf 78' lang='lat' dir='ltr'>philosophiae</span> <span class='ocrx_word' id='word_1_185' title='bbox 1263 1796 1441 1840; x_wconf 86' lang='lat' dir='ltr'>Socratis</span> <span class='ocrx_word' id='word_1_186' title='bbox 1471 1795 1646 1837; x_wconf 87' lang='lat' dir='ltr'>deditum</span> <span class='ocrx_word' id='word_1_187' title='bbox 1675 1793 1781 1836; x_wconf 86' lang='lat' dir='ltr'>ridet</span> 
     </span>
     <span class='ocr_line' id='line_1_25' title="bbox 226 1860 714 1924; baseline 0.008 -16"><span class='ocrx_word' id='word_1_188' title='bbox 226 1865 268 1908; x_wconf 85' lang='lat' dir='ltr'>in</span> <span class='ocrx_word' id='word_1_189' title='bbox 297 1860 525 1924; x_wconf 78' lang='grc' dir='ltr'><strong><em>Πηδήταις</em></strong></span> <span class='ocrx_word' id='word_1_190' title='bbox 553 1867 714 1912; x_wconf 72' lang='lat' dir='ltr'>fabulae</span> 
     </span>
    </p>

    <p class='ocr_par' dir='ltr' id='par_1_8' title="bbox 369 1929 1460 1996">
     <span class='ocr_line' id='line_1_26' title="bbox 369 1929 1460 1996; baseline -0.001 -15"><span class='ocrx_word' id='word_1_191' title='bbox 369 1937 420 1981; x_wconf 81' lang='lat' dir='ltr'>A.</span> <span class='ocrx_word' id='word_1_192' title='bbox 449 1935 494 1982; x_wconf 81' lang='grc' dir='ltr'>τί</span> <span class='ocrx_word' id='word_1_193' title='bbox 521 1929 576 1995; x_wconf 74' lang='grc' dir='ltr'>δή</span> <span class='ocrx_word' id='word_1_194' title='bbox 605 1950 659 1982; x_wconf 90' lang='grc' dir='ltr'>συ</span> <span class='ocrx_word' id='word_1_195' title='bbox 687 1937 840 1995; x_wconf 78' lang='grc' dir='ltr'><em>σεμνοῖ</em></span> <span class='ocrx_word' id='word_1_196' title='bbox 868 1934 939 1982; x_wconf 82' lang='grc' dir='ltr'>καὶ</span> <span class='ocrx_word' id='word_1_197' title='bbox 969 1936 1147 1996; x_wconf 83' lang='grc' dir='ltr'><strong><em>φρονεῖς</em></strong></span> <span class='ocrx_word' id='word_1_198' title='bbox 1177 1929 1295 1980; x_wconf 76' lang='grc' dir='ltr'><em>οὕτω</em></span> <span class='ocrx_word' id='word_1_199' title='bbox 1324 1932 1460 1993; x_wconf 70' lang='grc' dir='ltr'><strong><em>μέγας</em></strong></span> 
     </span>
    </p>

    <p class='ocr_par' dir='ltr' id='par_1_9' title="bbox 227 1998 1777 2138">
     <span class='ocr_line' id='line_1_27' title="bbox 367 1998 1386 2068; baseline 0 -17"><span class='ocrx_word' id='word_1_200' title='bbox 367 2009 414 2052; x_wconf 79' lang='grc' dir='ltr'>Β.</span> <span class='ocrx_word' id='word_1_201' title='bbox 444 2005 588 2064; x_wconf 75' lang='grc' dir='ltr'><strong><em>ἔξεστι</em></strong></span> <span class='ocrx_word' id='word_1_202' title='bbox 617 2004 701 2068; x_wconf 75' lang='grc' dir='ltr'><strong><em>γάρ</em></strong></span> <span class='ocrx_word' id='word_1_203' title='bbox 729 2024 804 2067; x_wconf 88' lang='grc' dir='ltr'>μοι</span> <span class='ocrx_word' id='word_1_204' title='bbox 824 2018 837 2033; x_wconf 86' lang='grc'><em>·</em></span> <span class='ocrx_word' id='word_1_205' title='bbox 856 1999 1089 2068; x_wconf 69' lang='grc' dir='ltr'><strong><em>Σωκράτης</em></strong></span> <span class='ocrx_word' id='word_1_206' title='bbox 1118 1998 1201 2067; x_wconf 72' lang='grc' dir='ltr'><strong><em>γᾶρ</em></strong></span> <span class='ocrx_word' id='word_1_207' title='bbox 1231 2005 1386 2062; x_wconf 71' lang='grc' dir='ltr'><strong><em>αἴτιος,</em></strong></span> 
     </span>
     <span class='ocr_line' id='line_1_28' title="bbox 227 2075 1777 2138; baseline 0.001 -17"><span class='ocrx_word' id='word_1_208' title='bbox 227 2091 333 2134; x_wconf 86' lang='lat' dir='ltr'>quae</span> <span class='ocrx_word' id='word_1_209' title='bbox 362 2079 488 2124; x_wconf 87' lang='lat' dir='ltr'>verba</span> <span class='ocrx_word' id='word_1_210' title='bbox 520 2080 573 2126; x_wconf 89' lang='lat' dir='ltr'>ad</span> <span class='ocrx_word' id='word_1_211' title='bbox 602 2080 838 2138; x_wconf 90' lang='lat' dir='ltr'>Euripidem</span> <span class='ocrx_word' id='word_1_212' title='bbox 869 2093 966 2127; x_wconf 88' lang='lat' dir='ltr'>esse</span> <span class='ocrx_word' id='word_1_213' title='bbox 995 2079 1233 2135; x_wconf 81' lang='lat' dir='ltr'>referenda,</span> <span class='ocrx_word' id='word_1_214' title='bbox 1264 2078 1472 2136; x_wconf 81' lang='lat' dir='ltr'>Diogenes</span> <span class='ocrx_word' id='word_1_215' title='bbox 1502 2082 1683 2123; x_wconf 85' lang='lat' dir='ltr'>testatur.</span> <span class='ocrx_word' id='word_1_216' title='bbox 1732 2075 1777 2122; x_wconf 86' lang='lat' dir='ltr'>lu</span> 
     </span>
    </p>
   </div>
   <div class='ocr_carea' id='block_1_3' title="bbox 226 2217 580 2230">
    <p class='ocr_par' dir='ltr' id='par_1_10' title="bbox 226 2217 580 2230">
     <span class='ocr_line' id='line_1_29' title="bbox 226 2217 580 2230; baseline 0 777"><span class='ocrx_word' id='word_1_217' title='bbox 226 2217 580 2230; x_wconf 95' lang='lat' dir='ltr'> </span> 
     </span>
    </p>
   </div>
   <div class='ocr_carea' id='block_1_4' title="bbox 224 2311 1776 2731">
    <p class='ocr_par' dir='ltr' id='par_1_11' title="bbox 227 2311 1773 2421">
     <span class='ocr_line' id='line_1_30' title="bbox 297 2311 1773 2364; baseline 0 -12"><span class='ocrx_word' id='word_1_218' title='bbox 297 2315 366 2361; x_wconf 84' lang='lat'>51)</span> <span class='ocrx_word' id='word_1_219' title='bbox 390 2315 443 2355; x_wconf 78' lang='lat' dir='ltr'>cf.</span> <span class='ocrx_word' id='word_1_220' title='bbox 466 2316 589 2354; x_wconf 81' lang='lat' dir='ltr'>Ritter:</span> <span class='ocrx_word' id='word_1_221' title='bbox 622 2315 758 2364; x_wconf 78' lang='lat' dir='ltr'>Didymi</span> <span class='ocrx_word' id='word_1_222' title='bbox 792 2327 912 2363; x_wconf 85' lang='lat' dir='ltr'>opusc.</span> <span class='ocrx_word' id='word_1_223' title='bbox 942 2327 980 2363; x_wconf 87' lang='lat' dir='ltr'>p.</span> <span class='ocrx_word' id='word_1_224' title='bbox 1014 2315 1092 2353; x_wconf 85' lang='lat'><strong>105.</strong></span> <span class='ocrx_word' id='word_1_225' title='bbox 1125 2313 1336 2352; x_wconf 76' lang='lat' dir='ltr'>Mnesilocho</span> <span class='ocrx_word' id='word_1_226' title='bbox 1367 2319 1479 2362; x_wconf 82' lang='lat' dir='ltr'>partes</span> <span class='ocrx_word' id='word_1_227' title='bbox 1509 2313 1617 2352; x_wconf 76' lang='lat' dir='ltr'>fuisse</span> <span class='ocrx_word' id='word_1_228' title='bbox 1648 2316 1685 2352; x_wconf 86' lang='lat' dir='ltr'>in</span> <span class='ocrx_word' id='word_1_229' title='bbox 1715 2311 1773 2352; x_wconf 78' lang='lat' dir='ltr'>ille</span> 
     </span>
     <span class='ocr_line' id='line_1_31' title="bbox 227 2373 1349 2421; baseline 0 -11"><span class='ocrx_word' id='word_1_230' title='bbox 227 2374 341 2410; x_wconf 75' lang='lat' dir='ltr'>fabul·</span> <span class='ocrx_word' id='word_1_231' title='bbox 366 2376 545 2421; x_wconf 82' lang='lat' dir='ltr'>praeclare</span> <span class='ocrx_word' id='word_1_232' title='bbox 569 2375 719 2411; x_wconf 83' lang='lat' dir='ltr'>ostendit</span> <span class='ocrx_word' id='word_1_233' title='bbox 741 2375 959 2414; x_wconf 79' lang='lat' dir='ltr'>wolckerus.</span> <span class='ocrx_word' id='word_1_234' title='bbox 981 2373 1039 2409; x_wconf 87' lang='lat' dir='ltr'>Gr.</span> <span class='ocrx_word' id='word_1_235' title='bbox 1063 2374 1115 2410; x_wconf 82' lang='lat' dir='ltr'>Tr.</span> <span class='ocrx_word' id='word_1_236' title='bbox 1139 2373 1183 2418; x_wconf 87' lang='lat'>11,</span> <span class='ocrx_word' id='word_1_237' title='bbox 1208 2386 1241 2420; x_wconf 77' lang='lat' dir='ltr'>p,</span> <span class='ocrx_word' id='word_1_238' title='bbox 1269 2375 1349 2410; x_wconf 66' lang='lat'>454.</span> 
     </span>
    </p>

    <p class='ocr_par' dir='ltr' id='par_1_12' title="bbox 224 2432 1776 2731">
     <span class='ocr_line' id='line_1_32' title="bbox 298 2432 1774 2483; baseline -0.001 -13"><span class='ocrx_word' id='word_1_239' title='bbox 298 2434 361 2479; x_wconf 79' lang='lat'>52)</span> <span class='ocrx_word' id='word_1_240' title='bbox 388 2435 552 2471; x_wconf 86' lang='lat' dir='ltr'>Welcker</span> <span class='ocrx_word' id='word_1_241' title='bbox 575 2436 599 2474; x_wconf 86' lang='lat' dir='ltr'>l.</span> <span class='ocrx_word' id='word_1_242' title='bbox 623 2435 646 2472; x_wconf 89' lang='lat' dir='ltr'>l.</span> <span class='ocrx_word' id='word_1_243' title='bbox 671 2434 898 2471; x_wconf 77' lang='lat' dir='ltr'>Mnesilochus</span> <span class='ocrx_word' id='word_1_244' title='bbox 922 2434 1052 2481; x_wconf 84' lang='lat' dir='ltr'>spricht</span> <span class='ocrx_word' id='word_1_245' title='bbox 1074 2434 1136 2469; x_wconf 86' lang='lat' dir='ltr'>mit</span> <span class='ocrx_word' id='word_1_246' title='bbox 1160 2433 1254 2470; x_wconf 88' lang='lat' dir='ltr'>Stolz</span> <span class='ocrx_word' id='word_1_247' title='bbox 1279 2445 1350 2470; x_wconf 86' lang='lat' dir='ltr'>von</span> <span class='ocrx_word' id='word_1_248' title='bbox 1375 2434 1489 2470; x_wconf 87' lang='lat' dir='ltr'>ciuem</span> <span class='ocrx_word' id='word_1_249' title='bbox 1508 2432 1774 2483; x_wconf 76' lang='lat' dir='ltr'>Originaldramu</span> 
     </span>
     <span class='ocr_line' id='line_1_33' title="bbox 226 2492 1776 2540; baseline -0.001 -10"><span class='ocrx_word' id='word_1_250' title='bbox 226 2495 343 2530; x_wconf 69' lang='lat' dir='ltr'>scine·</span> <span class='ocrx_word' id='word_1_251' title='bbox 366 2494 566 2530; x_wconf 77' lang='lat' dir='ltr'>heriihmten</span> <span class='ocrx_word' id='word_1_252' title='bbox 590 2493 936 2540; x_wconf 83' lang='lat' dir='ltr'>Schwiegersohues.</span> <span class='ocrx_word' id='word_1_253' title='bbox 961 2492 1030 2529; x_wconf 82' lang='lat' dir='ltr'>Das</span> <span class='ocrx_word' id='word_1_254' title='bbox 1055 2492 1177 2527; x_wconf 80' lang='lat' dir='ltr'>Drama</span> <span class='ocrx_word' id='word_1_255' title='bbox 1201 2493 1283 2528; x_wconf 83' lang='lat' dir='ltr'>aber</span> <span class='ocrx_word' id='word_1_256' title='bbox 1300 2493 1382 2540; x_wconf 81' lang='lat' dir='ltr'>geht</span> <span class='ocrx_word' id='word_1_257' title='bbox 1405 2495 1500 2529; x_wconf 84' lang='lat' dir='ltr'>seine</span> <span class='ocrx_word' id='word_1_258' title='bbox 1525 2495 1651 2540; x_wconf 84' lang='lat' dir='ltr'>eigeue</span> <span class='ocrx_word' id='word_1_259' title='bbox 1663 2492 1776 2528; x_wconf 79' lang='lat' dir='ltr'>Toch-</span> 
     </span>
     <span class='ocr_line' id='line_1_34' title="bbox 225 2551 1776 2599; baseline -0.001 -11"><span class='ocrx_word' id='word_1_260' title='bbox 225 2558 278 2588; x_wconf 81' lang='lat' dir='ltr'>ter</span> <span class='ocrx_word' id='word_1_261' title='bbox 302 2551 478 2597; x_wconf 87' lang='lat' dir='ltr'>Choerile,</span> <span class='ocrx_word' id='word_1_262' title='bbox 515 2553 577 2589; x_wconf 81' lang='lat' dir='ltr'>des</span> <span class='ocrx_word' id='word_1_263' title='bbox 601 2553 756 2589; x_wconf 83' lang='lat' dir='ltr'>Dichters</span> <span class='ocrx_word' id='word_1_264' title='bbox 782 2551 906 2597; x_wconf 80' lang='lat' dir='ltr'>Gattin,</span> <span class='ocrx_word' id='word_1_265' title='bbox 931 2563 987 2596; x_wconf 85' lang='lat' dir='ltr'>au,</span> <span class='ocrx_word' id='word_1_266' title='bbox 1012 2552 1069 2587; x_wconf 89' lang='lat' dir='ltr'>die</span> <span class='ocrx_word' id='word_1_267' title='bbox 1094 2553 1152 2587; x_wconf 91' lang='lat' dir='ltr'>mit</span> <span class='ocrx_word' id='word_1_268' title='bbox 1183 2552 1262 2587; x_wconf 89' lang='lat' dir='ltr'>dem</span> <span class='ocrx_word' id='word_1_269' title='bbox 1292 2553 1420 2599; x_wconf 82' lang='lat' dir='ltr'>jungen</span> <span class='ocrx_word' id='word_1_270' title='bbox 1451 2551 1691 2597; x_wconf 78' lang='lat' dir='ltr'>Cephisophon</span> <span class='ocrx_word' id='word_1_271' title='bbox 1714 2563 1776 2587; x_wconf 76' lang='lat' dir='ltr'>zu-</span> 
     </span>
     <span class='ocr_line' id='line_1_35' title="bbox 224 2609 1776 2657; baseline 0 -12"><span class='ocrx_word' id='word_1_272' title='bbox 224 2610 320 2649; x_wconf 70' lang='lat' dir='ltr'>hielt,</span> <span class='ocrx_word' id='word_1_273' title='bbox 343 2612 471 2648; x_wconf 75' lang='lat' dir='ltr'>flochst</span> <span class='ocrx_word' id='word_1_274' title='bbox 494 2611 598 2647; x_wconf 84' lang='lat' dir='ltr'>bitter</span> <span class='ocrx_word' id='word_1_275' title='bbox 619 2614 665 2647; x_wconf 80' lang='lat' dir='ltr'>ist</span> <span class='ocrx_word' id='word_1_276' title='bbox 689 2612 750 2647; x_wconf 83' lang='lat' dir='ltr'>der</span> <span class='ocrx_word' id='word_1_277' title='bbox 772 2611 882 2657; x_wconf 87' lang='lat' dir='ltr'>Spott,</span> <span class='ocrx_word' id='word_1_278' title='bbox 907 2611 986 2647; x_wconf 78' lang='lat' dir='ltr'>dass</span> <span class='ocrx_word' id='word_1_279' title='bbox 1010 2610 1069 2646; x_wconf 86' lang='lat' dir='ltr'>die</span> <span class='ocrx_word' id='word_1_280' title='bbox 1095 2610 1227 2646; x_wconf 82' lang='lat' dir='ltr'>Lehren</span> <span class='ocrx_word' id='word_1_281' title='bbox 1252 2611 1312 2646; x_wconf 87' lang='lat' dir='ltr'>des</span> <span class='ocrx_word' id='word_1_282' title='bbox 1337 2611 1499 2646; x_wconf 77' lang='lat' dir='ltr'>Socrates</span> <span class='ocrx_word' id='word_1_283' title='bbox 1523 2610 1642 2645; x_wconf 80' lang='lat' dir='ltr'>diesen</span> <span class='ocrx_word' id='word_1_284' title='bbox 1664 2609 1776 2657; x_wconf 75' lang='lat' dir='ltr'>Phry-</span> 
     </span>
     <span class='ocr_line' id='line_1_36' title="bbox 224 2667 1649 2731; baseline 0.001 -25"><span class='ocrx_word' id='word_1_285' title='bbox 224 2679 313 2717; x_wconf 73' lang='lat' dir='ltr'>gem</span> <span class='ocrx_word' id='word_1_286' title='bbox 335 2667 538 2731; x_wconf 65' lang='grc' dir='ltr'>φρύγανα</span> <span class='ocrx_word' id='word_1_287' title='bbox 567 2672 679 2717; x_wconf 84' lang='lat' dir='ltr'>seieu,</span> <span class='ocrx_word' id='word_1_288' title='bbox 703 2671 739 2706; x_wconf 88' lang='lat' dir='ltr'>in</span> <span class='ocrx_word' id='word_1_289' title='bbox 765 2669 897 2708; x_wconf 83' lang='lat' dir='ltr'>diesem</span> <span class='ocrx_word' id='word_1_290' title='bbox 921 2670 1047 2706; x_wconf 71' lang='lat' dir='ltr'>Drama</span> <span class='ocrx_word' id='word_1_291' title='bbox 1072 2670 1159 2707; x_wconf 84' lang='lat' dir='ltr'>aber</span> <span class='ocrx_word' id='word_1_292' title='bbox 1184 2670 1242 2706; x_wconf 90' lang='lat' dir='ltr'>die</span> <span class='ocrx_word' id='word_1_293' title='bbox 1266 2669 1420 2705; x_wconf 82' lang='lat' dir='ltr'>Flamme</span> <span class='ocrx_word' id='word_1_294' title='bbox 1445 2668 1649 2708; x_wconf 78' lang='lat' dir='ltr'>auschiiren.</span> 
     </span>
    </p>
   </div>
   <div class='ocr_carea' id='block_1_5' title="bbox 224 2740 1772 2847">
    <p class='ocr_par' dir='ltr' id='par_1_13' title="bbox 224 2740 1772 2847">
     <span class='ocr_line' id='line_1_37' title="bbox 224 2740 1772 2835; baseline 0 -59"><span class='ocrx_word' id='word_1_295' title='bbox 224 2741 364 2835; x_wconf 57' lang='grc' dir='ltr'>Νώδὸ)</span> <span class='ocrx_word' id='word_1_296' title='bbox 390 2740 488 2789; x_wconf 82' lang='lat' dir='ltr'>Diog.</span> <span class='ocrx_word' id='word_1_297' title='bbox 510 2742 550 2779; x_wconf 80' lang='lat' dir='ltr'>L.</span> <span class='ocrx_word' id='word_1_298' title='bbox 572 2740 616 2787; x_wconf 85' lang='lat'>11,</span> <span class='ocrx_word' id='word_1_299' title='bbox 638 2740 693 2782; x_wconf 82' lang='lat'>18.</span> <span class='ocrx_word' id='word_1_300' title='bbox 716 2742 819 2781; x_wconf 86' lang='lat' dir='ltr'>Diud.</span> <span class='ocrx_word' id='word_1_301' title='bbox 843 2742 942 2780; x_wconf 74' lang='lat' dir='ltr'>Arist.</span> <span class='ocrx_word' id='word_1_302' title='bbox 967 2753 1057 2778; x_wconf 86' lang='lat' dir='ltr'>com.</span> <span class='ocrx_word' id='word_1_303' title='bbox 1082 2748 1118 2778; x_wconf 87' lang='lat' dir='ltr'>et</span> <span class='ocrx_word' id='word_1_304' title='bbox 1142 2742 1183 2780; x_wconf 78' lang='lat' dir='ltr'>fr.</span> <span class='ocrx_word' id='word_1_305' title='bbox 1209 2753 1244 2787; x_wconf 91' lang='lat' dir='ltr'>p.</span> <span class='ocrx_word' id='word_1_306' title='bbox 1254 2740 1326 2778; x_wconf 78' lang='lat'>523</span> <span class='ocrx_word' id='word_1_307' title='bbox 1342 2752 1417 2788; x_wconf 87' lang='lat' dir='ltr'>seq.</span> <span class='ocrx_word' id='word_1_308' title='bbox 1430 2740 1566 2788; x_wconf 73' lang='lat' dir='ltr'>Reisigt</span> <span class='ocrx_word' id='word_1_309' title='bbox 1591 2741 1700 2788; x_wconf 73' lang='lat' dir='ltr'>prees.</span> <span class='ocrx_word' id='word_1_310' title='bbox 1726 2740 1772 2777; x_wconf 78' lang='lat' dir='ltr'>ad</span> 
     </span>
     <span class='ocr_line' id='line_1_38' title="bbox 305 2801 434 2847; baseline 0 -9"><span class='ocrx_word' id='word_1_311' title='bbox 305 2825 315 2838; x_wconf 86' lang='lat'><strong><em>.</em></strong></span> <span class='ocrx_word' id='word_1_312' title='bbox 338 2811 374 2847; x_wconf 86' lang='lat' dir='ltr'>p.</span> <span class='ocrx_word' id='word_1_313' title='bbox 398 2801 434 2838; x_wconf 87' lang='lat'>8.</span> 
     </span>
    </p>
   </div>
   <div class='ocr_carea' id='block_1_6' title="bbox 1977 1573 1982 2218">
    <p class='ocr_par' dir='ltr' id='par_1_14' title="bbox 1977 1573 1982 2218">
     <span class='ocr_line' id='line_1_39' title="bbox 1977 1573 1982 2218; baseline 0 0"><span class='ocrx_word' id='word_1_314' title='bbox 1977 1573 1982 2218; x_wconf 95' lang='lat' dir='ltr'> </span> 
     </span>
    </p>
   </div>
  </div>
 </body>
</html>
