1982 3007
981 128 1059 179 ⁴04

253 262 423 318 phocles
462 269 505 307 et
548 263 761 319 Euripides
799 266 1043 311 floruerunt.
1100 265 1260 317 Quid?
1268 264 1392 321 quod
1420 264 1580 323 abab
1590 262 1794 322 &ambli

253 332 446 377 effecisse
475 333 650 389 videtur,
679 339 722 378 ut
747 336 1039 392 consanguinei
1059 336 1149 381 eius
1179 335 1312 382 mutua
1341 334 1562 382 honoribus
1577 335 1795 385 efflems-

252 408 341 459 tur3
371 403 671 461 Euphorionem
712 406 834 460 enim,
873 405 995 449 filium
1033 407 1251 462 Aeschyli,
1276 411 1437 462 quater.
1462 405 1632 455 fabulis.
1649 406 1796 461 nauh,

253 485 357 530 quae
387 474 595 531 Aeschylo
635 475 732 519 vivo
772 487 853 519 non
884 481 999 519 erant
1041 481 1179 531 actae,
1209 477 1382 530 vicisse,
1402 474 1535 524 tradit.
1558 475 1711 528 suidas
1728 475 1794 525 ⁸2³)

254 546 310 593 (s.
342 557 381 586 v.
413 537 675 602 Εὐφορίων).
704 546 755 589 Et
783 546 1018 600 Euphorion
1048 548 1115 589 vel
1144 547 1332 602 Sophocli
1355 552 1396 589 et
1413 546 1595 602 Euripidi
1626 546 1793 601 palmam

253 614 398 670 eripuit
417 611 492 666 ⁸²).
522 613 645 658 Immo
675 615 885 671 Philocles,
915 629 1034 673 quem
1066 622 1211 673 poetae
1241 617 1381 660 comici
1411 628 1538 672 saepe
1566 615 1700 659 rident
1715 615 1795 670 ⁸³),

252 685 490 740 Sophoclem
521 687 627 739 vicit,
657 687 771 730 cuius
800 689 862 730 rei
893 701 1050 731 causam
1081 688 1253 731 maxime
1284 702 1338 732 ex
1377 699 1427 730 eo
1457 691 1653 742 repetam,
1683 685 1792 740 quod

251 753 354 798 iilius
384 757 539 800 sororis
559 757 750 814 Aeschyli
781 757 870 814 fuit,
898 764 953 813 et,
983 772 1072 802 cum
1093 757 1285 816 Aeschyli
1306 754 1555 816 tragoediam
1585 756 1792 813 potissime

252 826 424 868 imitatus
455 839 550 869 esse
581 827 779 881 videatur,
826 830 885 871 ita*
919 834 964 871 ut
1001 829 1237 886 tetralogias
1275 830 1392 872 etiam
1435 841 1547 871 more
1586 827 1792 882 Aeschyli,
1854 831 1859 838 '

252 896 375 939 veluti
414 897 685 952 Pandionem,
717 897 1030 955 Oedipodeiam,
1061 912 1225 955 quarum
1256 904 1396 943 ternae
1427 897 1584 943 fabulae
1613 898 1716 942 inter
1745 909 1792 941 se

252 966 529 1012 cohaerebant
566 974 610 1014 eb
643 969 771 1012 altera
812 969 978 1012 alterius
1016 971 1277 1026 praecipuum
1308 966 1515 1025 quondan
1552 964 1792 1011 minantum

251 1038 495 1092 continebat,
526 1039 634 1093 quod
652 1046 721 1083 aut
750 1045 990 1094 sequent-‚em
1007 1040 1197 1091 fabulam
1206 1040 1404 1087 indieoeet
1430 1036 1791 1102 ωρῑιιοςιοζεεαθ

251 1109 481 1151 memoriam
513 1122 607 1153 esse
636 1110 888 1153 retinendam
920 1116 1061 1166 aperte
1091 1110 1328 1164 declararet,
1358 1114 1635 1165 componeret,
1664 1108 1790 1151 Athe-

167 1188 170 1191 ·
251 1180 461 1224 aiensibus
502 1181 694 1225 maiorum
737 1181 917 1225 moribus
967 1181 1111 1226 deditis
1163 1181 1323 1238 placuit.
1375 1178 1792 1235 Etian.-Astydamas‚

251 1262 383 1306 nepos
413 1252 603 1308 Aeschyli
634 1253 867 1307 quindecim.
899 1254 1088 1297 victorias
1117 1253 1360 1309 reportavit,
1390 1264 1525 1307 quem,
1555 1262 1791 1306 quamquain

252 1321 541 1366 celeberrimus
571 1322 640 1365 ille
658 1320 721 1374 ⁸⁴)
750 1330 872 1379 poeta
904 1337 1055 1380 graves
1081 1324 1259 1368 aemulos
1278 1337 1360 1368 non
1382 1324 1534 1378 habuit,
1552 1322 1682 1378 gloria
1703 1321 1790 1366 Ae-

252 1392 381 1447 schyli
410 1405 495 1435 non
526 1394 653 1436 :ninus
683 1394 894 1438 adiuverit.
1285 1416 1287 1419 >

368 1463 447 1519 lpsi
477 1465 595 1519 pueri
624 1465 664 1507 in
694 1466 891 1508 conviviis
920 1478 1054 1509 ramos
1096 1466 1212 1520 myrti
1249 1468 1458 1523 gestantes
1499 1462 1671 1516 carmina
1701 1460 1791 1505 Ae-

250 1532 380 1589 schyli
420 1533 694 1578 decantabant.
755 1535 888 1580 Schol.
931 1536 1057 1578 Arist.
1093 1536 1195 1578 Nub.
1228 1549 1266 1579 v.
1299 1535 1435 1579 1367:
1474 1530 1675 1593 μυρᾄης
1704 1524 1791 1587 γάρ

249 1598 407 1648 κλάδον
433 1602 683 1657 κατέχοντες
711 1597 814 1664 ᾖδον
851 1599 908 1649 τὰ
935 1597 1180 1660 Αἰσχύλου,
1207 1598 1358 1663 ὥσπερ
1384 1598 1440 1648 τοὶ
1468 1596 1649 1661 Ὁμήρου
1676 1593 1801 1656 mo?

250 1669 418 1733 δάφνης
438 1673 496 1727 ³⁵)
526 1677 577 1719 ad
609 1689 729 1732 quem
751 1690 905 1720 morem
925 1677 1065 1720 alludit
1083 1676 1377 1732 Aristophanes
1406 1675 1569 1719 dicens:
1600 1668 1646 1716 ἐν
1673 1670 1790 1718 τοῖσι

252 1743 518 1797 συνδείπνοις
549 1743 735 1790 ἐπαινῶν
775 1740 1001 1801 Αἰσχύλον
1023 1748 1100 1798 ³⁶).
1160 1747 1276 1797 Quae
1315 1758 1550 1802 quamquam
1581 1745 1644 1788 ita
1676 1748 1791 1796 sunt,

251 1823 382 1860 tamen
412 1830 494 1860 non
525 1822 589 1861 est
608 1817 784 1871 dubium,
815 1817 911 1872 quin
933 1817 1201 1861 Athenienses
1233 1818 1402 1861 maxine
1422 1828 1578 1860 morum
1594 1815 1790 1859 maiorum

251 1894 437 1942 tenaces,
467 1889 536 1943 qui
577 1889 695 1932 etiam
749 1894 829 1931 tum
881 1893 994 1931 erant
1034 1888 1143 1931 multi
1195 1888 1467 1943 imprimisque
1513 1898 1636 1939 senes
1676 1895 1790 1930 mure

251 1960 443 2002 maiorum
485 1959 645 2003 educati
675 1959 924 2015 Aeschylum
955 1960 1201 2003 carissimum
1239 1959 1474 2012 habuerint,
1502 1957 1542 2000 id
1587 1957 1697 2012 quod
1737 1969 1792 2000 ex

249 2030 521 2085 Aristophane
550 2032 641 2086 ipso
672 2031 863 2086 sequitur.
895 2030 1152 2086 Strepsiades
1183 2031 1290 2074 enim
1320 2042 1447 2073 senex
1486 2030 1525 2072 in
1561 2027 1740 2072 Nubibus
1770 2040 1792 2070 a

249 2100 329 2143 filio
361 2101 474 2156 petit,
504 2107 546 2144 ut
574 2102 650 2145 sibi
680 2103 857 2145 carmina
888 2101 1110 2157 Aeschylea
1140 2102 1286 2145 recitet
1314 2102 1374 2151 (v.
1407 2098 1520 2144 1364
1550 2097 1790 2154 soal-sni-

249 2172 455 2226 eaeopolis
486 2172 525 2213 in
547 2173 877 2215 Acharnensibus
898 2172 1145 2227 Aeschylum
1175 2172 1308 2215 laudat
1339 2176 1397 2220 (v.
1421 2171 1514 2224 10),
1543 2169 1790 2222 Philocleon,

321 2383 386 2425 31)
410 2382 462 2418 Au
465 2388 511 2420 ch
539 2395 573 2419 ἰ
563 2385 598 2421 it·
623 2383 691 2419 Aes
694 2381 749 2422 ⁶¹¹·
740 2383 846 2430 0023x
866 2377 1018 2441 ὀλίγας
1041 2384 1117 2433 (sc.
1132 2380 1274 2435 νίκας)
1297 2380 1348 2428 δὲ
1365 2375 1477 2440 μετὰ
1496 2374 1574 2440 τήν
1591 2345 1792 2439 vehet&

249 2433 535 2500 ἐπηνέγκατο.

323 2512 387 2554 32)
413 2512 465 2550 Cf.
490 2524 571 2558 argu
551 2524 617 2549 um.
643 2513 713 2548 Ειιι·
697 2524 723 2551 ι’.
749 2512 836 2549 Med.

321 2569 387 2611 33)
413 2570 513 2608 cna
495 2582 623 2618 argum.
656 2571 761 2618 Soph.
788 2570 872 2606 Oed.
904 2571 944 2607 R.
971 2570 1079 2607 schol,
1118 2570 1161 2605 ad
1196 2571 1256 2606 Ar.
1290 2569 1423 2606 Thesm.
1450 2580 1483 2605 v.
1513 2568 1590 2604 175.
1617 2565 1793 2605 Moineke:

251 2640 337 2666 com.
363 2627 419 2667 Gr.
445 2630 483 2667 fr.
509 2628 551 2673 11,
576 2642 606 2674 p.
629 2630 712 2667 2¹26.

319 2688 382 2725 34}
410 2688 461 2725 Cf.
486 2688 647 2726 Boeckh:
671 2689 715 2724 de
742 2688 798 2725 Gr.
823 2693 906 2736 trag.
931 2689 1043 2735 princ.
1067 2699 1101 2734 p.
1124 2686 1171 2725 82
1196 2698 1269 2734 seq.

320 2748 384 2791 35)
409 2746 463 2785 cf.
484 2748 582 2788 Suid.
613 2760 641 2786 ι.
674 2760 709 2787 ν.
738 2746 951 2810 μυρῥινᾶν,

319 2817 383 2863 36)
407 2819 524 2866 Geryt.
547 2819 591 2856 fr.
615 2819 650 2859 7.
