<?xml version="1.0" encoding="UTF-8"?>
<!DOCTYPE html PUBLIC "-//W3C//DTD XHTML 1.0 Transitional//EN"
    "http://www.w3.org/TR/xhtml1/DTD/xhtml1-transitional.dtd">
<html xmlns="http://www.w3.org/1999/xhtml" xml:lang="en" lang="en">
 <head>
  <title>
</title>
<meta http-equiv="Content-Type" content="text/html;charset=utf-8" />
  <meta name='ocr-system' content='tesseract 3.04.00' />
  <meta name='ocr-capabilities' content='ocr_page ocr_carea ocr_par ocr_line ocrx_word'/>
</head>
<body>
  <div class='ocr_page' id='page_1' title='image "4738121_0087.png"; bbox 0 0 1982 3007; ppageno 0'>
   <div class='ocr_carea' id='block_1_1' title="bbox 884 64 949 113">
    <p class='ocr_par' dir='ltr' id='par_1_1' title="bbox 884 64 949 113">
     <span class='ocr_line' id='line_1_1' title="bbox 884 64 949 113; baseline 0 0"><span class='ocrx_word' id='word_1_1' title='bbox 884 64 949 113; x_wconf 78' lang='lat'>‘1⁷</span> 
     </span>
    </p>
   </div>
   <div class='ocr_carea' id='block_1_2' title="bbox 137 202 1684 1176">
    <p class='ocr_par' dir='ltr' id='par_1_2' title="bbox 137 202 1684 1176">
     <span class='ocr_line' id='line_1_2' title="bbox 266 202 1683 262; baseline -0.001 -15"><span class='ocrx_word' id='word_1_2' title='bbox 266 203 364 247; x_wconf 87' lang='lat' dir='ltr'>Cum</span> <span class='ocrx_word' id='word_1_3' title='bbox 392 204 514 262; x_wconf 83' lang='lat' dir='ltr'>igitur</span> <span class='ocrx_word' id='word_1_4' title='bbox 543 217 684 249; x_wconf 91' lang='lat' dir='ltr'>omnes</span> <span class='ocrx_word' id='word_1_5' title='bbox 710 205 978 249; x_wconf 73' lang='lat' dir='ltr'>Athenienses</span> <span class='ocrx_word' id='word_1_6' title='bbox 1008 202 1061 246; x_wconf 89' lang='lat' dir='ltr'>de</span> <span class='ocrx_word' id='word_1_7' title='bbox 1089 202 1235 246; x_wconf 90' lang='lat' dir='ltr'>virtute</span> <span class='ocrx_word' id='word_1_8' title='bbox 1263 202 1473 259; x_wconf 78' lang='lat' dir='ltr'><strong>Sophoclis</strong></span> <span class='ocrx_word' id='word_1_9' title='bbox 1503 214 1683 246; x_wconf 90' lang='lat' dir='ltr'>consen-</span> 
     </span>
     <span class='ocr_line' id='line_1_3' title="bbox 137 272 1683 329; baseline 0 -13"><span class='ocrx_word' id='word_1_10' title='bbox 137 272 284 329; x_wconf 85' lang='lat' dir='ltr'>tirent,</span> <span class='ocrx_word' id='word_1_11' title='bbox 313 286 388 319; x_wconf 89' lang='lat' dir='ltr'>suo</span> <span class='ocrx_word' id='word_1_12' title='bbox 417 276 507 320; x_wconf 91' lang='lat' dir='ltr'>iure</span> <span class='ocrx_word' id='word_1_13' title='bbox 536 276 711 319; x_wconf 87' lang='lat' dir='ltr'>comicus</span> <span class='ocrx_word' id='word_1_14' title='bbox 740 288 832 318; x_wconf 93' lang='lat' dir='ltr'>eum</span> <span class='ocrx_word' id='word_1_15' title='bbox 862 276 937 317; x_wconf 86' lang='lat' dir='ltr'>nisi</span> <span class='ocrx_word' id='word_1_16' title='bbox 966 274 1099 316; x_wconf 90' lang='lat' dir='ltr'>obiter</span> <span class='ocrx_word' id='word_1_17' title='bbox 1138 286 1218 315; x_wconf 88' lang='lat' dir='ltr'>non</span> <span class='ocrx_word' id='word_1_18' title='bbox 1249 279 1544 317; x_wconf 81' lang='lat' dir='ltr'><strong>commemorat.</strong></span> <span class='ocrx_word' id='word_1_19' title='bbox 1601 274 1683 319; x_wconf 90' lang='lat' dir='ltr'>Sed</span> 
     </span>
     <span class='ocr_line' id='line_1_4' title="bbox 149 343 1683 401; baseline 0 -15"><span class='ocrx_word' id='word_1_20' title='bbox 149 345 333 398; x_wconf 85' lang='lat' dir='ltr'>quoniam</span> <span class='ocrx_word' id='word_1_21' title='bbox 362 346 607 401; x_wconf 75' lang='lat' dir='ltr'><strong>Aeschylum</strong></span> <span class='ocrx_word' id='word_1_22' title='bbox 646 346 819 400; x_wconf 86' lang='lat' dir='ltr'>eiusque</span> <span class='ocrx_word' id='word_1_23' title='bbox 856 345 1013 400; x_wconf 84' lang='lat' dir='ltr'>poesim</span> <span class='ocrx_word' id='word_1_24' title='bbox 1054 344 1131 397; x_wconf 89' lang='lat' dir='ltr'>illi,</span> <span class='ocrx_word' id='word_1_25' title='bbox 1162 344 1231 399; x_wconf 93' lang='lat' dir='ltr'>qui</span> <span class='ocrx_word' id='word_1_26' title='bbox 1267 355 1410 387; x_wconf 85' lang='lat' dir='ltr'>novam</span> <span class='ocrx_word' id='word_1_27' title='bbox 1440 343 1683 400; x_wconf 80' lang='lat' dir='ltr'><strong>disciplinam</strong></span> 
     </span>
     <span class='ocr_line' id='line_1_5' title="bbox 149 412 1683 472; baseline -0.001 -15"><span class='ocrx_word' id='word_1_28' title='bbox 149 412 475 472; x_wconf 90' lang='lat' dir='ltr'>philosophorum</span> <span class='ocrx_word' id='word_1_29' title='bbox 505 414 792 471; x_wconf 72' lang='lat' dir='ltr'>sequebantur,</span> <span class='ocrx_word' id='word_1_30' title='bbox 820 427 961 471; x_wconf 86' lang='lat' dir='ltr'>parum</span> <span class='ocrx_word' id='word_1_31' title='bbox 991 413 1294 470; x_wconf 77' lang='lat' dir='ltr'>intellegebant,</span> <span class='ocrx_word' id='word_1_32' title='bbox 1324 426 1377 456; x_wconf 91' lang='lat' dir='ltr'>ne</span> <span class='ocrx_word' id='word_1_33' title='bbox 1409 414 1552 467; x_wconf 86' lang='lat' dir='ltr'>dicam,</span> <span class='ocrx_word' id='word_1_34' title='bbox 1579 427 1683 456; x_wconf 93' lang='lat' dir='ltr'>con-</span> 
     </span>
     <span class='ocr_line' id='line_1_6' title="bbox 148 483 1683 542; baseline 0.002 -17"><span class='ocrx_word' id='word_1_35' title='bbox 148 485 387 539; x_wconf 85' lang='lat' dir='ltr'>temnebant,</span> <span class='ocrx_word' id='word_1_36' title='bbox 415 485 618 542; x_wconf 81' lang='lat' dir='ltr'><strong>Euripidis</strong></span> <span class='ocrx_word' id='word_1_37' title='bbox 646 490 780 529; x_wconf 87' lang='lat' dir='ltr'>autem</span> <span class='ocrx_word' id='word_1_38' title='bbox 804 487 994 542; x_wconf 74' lang='lat' dir='ltr'>tragicam</span> <span class='ocrx_word' id='word_1_39' title='bbox 1024 490 1146 527; x_wconf 88' lang='lat' dir='ltr'>artem</span> <span class='ocrx_word' id='word_1_40' title='bbox 1169 483 1431 528; x_wconf 74' lang='lat' dir='ltr'>admiratione</span> <span class='ocrx_word' id='word_1_41' title='bbox 1460 484 1683 541; x_wconf 89' lang='lat' dir='ltr'>amplecte-</span> 
     </span>
     <span class='ocr_line' id='line_1_7' title="bbox 148 554 1684 613; baseline -0.001 -15"><span class='ocrx_word' id='word_1_42' title='bbox 148 554 293 601; x_wconf 78' lang='lat' dir='ltr'>bantur</span> <span class='ocrx_word' id='word_1_43' title='bbox 321 569 486 608; x_wconf 82' lang='lat' dir='ltr'>summa,</span> <span class='ocrx_word' id='word_1_44' title='bbox 515 556 569 600; x_wconf 90' lang='lat' dir='ltr'>ita</span> <span class='ocrx_word' id='word_1_45' title='bbox 599 561 641 600; x_wconf 92' lang='lat' dir='ltr'>ut</span> <span class='ocrx_word' id='word_1_46' title='bbox 669 555 826 601; x_wconf 79' lang='lat' dir='ltr'>fabulae</span> <span class='ocrx_word' id='word_1_47' title='bbox 851 554 1095 612; x_wconf 85' lang='lat' dir='ltr'>Euripideae</span> <span class='ocrx_word' id='word_1_48' title='bbox 1124 555 1253 613; x_wconf 87' lang='lat' dir='ltr'>magis</span> <span class='ocrx_word' id='word_1_49' title='bbox 1293 556 1504 611; x_wconf 85' lang='lat' dir='ltr'>magisque</span> <span class='ocrx_word' id='word_1_50' title='bbox 1534 556 1574 597; x_wconf 90' lang='lat' dir='ltr'>in</span> <span class='ocrx_word' id='word_1_51' title='bbox 1606 555 1684 597; x_wconf 91' lang='lat' dir='ltr'>de-</span> 
     </span>
     <span class='ocr_line' id='line_1_8' title="bbox 148 623 1683 684; baseline 0.001 -16"><span class='ocrx_word' id='word_1_52' title='bbox 148 623 261 669; x_wconf 84' lang='lat' dir='ltr'>licias</span> <span class='ocrx_word' id='word_1_53' title='bbox 289 626 490 671; x_wconf 88' lang='lat' dir='ltr'>hominum</span> <span class='ocrx_word' id='word_1_54' title='bbox 518 627 686 683; x_wconf 91' lang='lat' dir='ltr'>abirent,</span> <span class='ocrx_word' id='word_1_55' title='bbox 715 633 836 684; x_wconf 89' lang='lat' dir='ltr'>poeta</span> <span class='ocrx_word' id='word_1_56' title='bbox 866 628 1043 671; x_wconf 91' lang='lat' dir='ltr'>comicus</span> <span class='ocrx_word' id='word_1_57' title='bbox 1072 627 1241 683; x_wconf 85' lang='lat' dir='ltr'>egregie</span> <span class='ocrx_word' id='word_1_58' title='bbox 1271 627 1312 668; x_wconf 91' lang='lat' dir='ltr'>in</span> <span class='ocrx_word' id='word_1_59' title='bbox 1341 639 1502 669; x_wconf 85' lang='lat' dir='ltr'>scenam</span> <span class='ocrx_word' id='word_1_60' title='bbox 1531 626 1683 670; x_wconf 84' lang='lat' dir='ltr'>inducit</span> 
     </span>
     <span class='ocr_line' id='line_1_9' title="bbox 147 694 1682 755; baseline 0.001 -15"><span class='ocrx_word' id='word_1_61' title='bbox 147 694 376 752; x_wconf 81' lang='lat' dir='ltr'>Euripidem</span> <span class='ocrx_word' id='word_1_62' title='bbox 406 703 448 741; x_wconf 90' lang='lat' dir='ltr'>et</span> <span class='ocrx_word' id='word_1_63' title='bbox 476 697 722 755; x_wconf 80' lang='lat' dir='ltr'>Aeschylum</span> <span class='ocrx_word' id='word_1_64' title='bbox 752 699 858 742; x_wconf 90' lang='lat' dir='ltr'>inter</span> <span class='ocrx_word' id='word_1_65' title='bbox 887 710 933 742; x_wconf 91' lang='lat' dir='ltr'>se</span> <span class='ocrx_word' id='word_1_66' title='bbox 964 703 1189 750; x_wconf 83' lang='lat' dir='ltr'>certantes,</span> <span class='ocrx_word' id='word_1_67' title='bbox 1219 709 1390 752; x_wconf 89' lang='lat' dir='ltr'>quorum</span> <span class='ocrx_word' id='word_1_68' title='bbox 1429 697 1539 740; x_wconf 92' lang='lat' dir='ltr'>illum</span> <span class='ocrx_word' id='word_1_69' title='bbox 1579 710 1682 741; x_wconf 88' lang='lat' dir='ltr'>auc-</span> 
     </span>
     <span class='ocr_line' id='line_1_10' title="bbox 147 767 1684 824; baseline 0.002 -14"><span class='ocrx_word' id='word_1_70' title='bbox 147 771 275 810; x_wconf 84' lang='lat' dir='ltr'>torem</span> <span class='ocrx_word' id='word_1_71' title='bbox 314 769 488 812; x_wconf 87' lang='lat' dir='ltr'>omnium</span> <span class='ocrx_word' id='word_1_72' title='bbox 524 768 731 823; x_wconf 89' lang='lat' dir='ltr'>malorum,</span> <span class='ocrx_word' id='word_1_73' title='bbox 775 782 879 824; x_wconf 84' lang='lat' dir='ltr'>quae</span> <span class='ocrx_word' id='word_1_74' title='bbox 918 774 1001 812; x_wconf 88' lang='lat' dir='ltr'>tum</span> <span class='ocrx_word' id='word_1_75' title='bbox 1040 767 1217 811; x_wconf 90' lang='lat' dir='ltr'>moribus</span> <span class='ocrx_word' id='word_1_76' title='bbox 1257 768 1401 810; x_wconf 87' lang='lat' dir='ltr'>civium</span> <span class='ocrx_word' id='word_1_77' title='bbox 1443 769 1601 812; x_wconf 85' lang='lat' dir='ltr'>mutatis</span> <span class='ocrx_word' id='word_1_78' title='bbox 1642 774 1684 813; x_wconf 88' lang='lat' dir='ltr'>et</span> 
     </span>
     <span class='ocr_line' id='line_1_11' title="bbox 147 836 1684 895; baseline 0.001 -15"><span class='ocrx_word' id='word_1_79' title='bbox 147 836 478 892; x_wconf 87' lang='lat' dir='ltr'>philosophorum</span> <span class='ocrx_word' id='word_1_80' title='bbox 507 840 732 895; x_wconf 85' lang='lat' dir='ltr'>praeceptis</span> <span class='ocrx_word' id='word_1_81' title='bbox 766 839 1012 895; x_wconf 86' lang='lat' dir='ltr'>pervulgatis</span> <span class='ocrx_word' id='word_1_82' title='bbox 1041 839 1081 880; x_wconf 90' lang='lat' dir='ltr'>in</span> <span class='ocrx_word' id='word_1_83' title='bbox 1109 837 1395 893; x_wconf 89' lang='lat' dir='ltr'>rempublicam</span> <span class='ocrx_word' id='word_1_84' title='bbox 1429 839 1684 892; x_wconf 86' lang='lat' dir='ltr'>invasissent,</span> 
     </span>
     <span class='ocr_line' id='line_1_12' title="bbox 148 907 1683 965; baseline 0.001 -15"><span class='ocrx_word' id='word_1_85' title='bbox 148 907 319 961; x_wconf 76' lang='lat' dir='ltr'>faceret,</span> <span class='ocrx_word' id='word_1_86' title='bbox 349 908 593 964; x_wconf 81' lang='lat' dir='ltr'>Aeschylum</span> <span class='ocrx_word' id='word_1_87' title='bbox 614 915 752 953; x_wconf 88' lang='lat' dir='ltr'>contra</span> <span class='ocrx_word' id='word_1_88' title='bbox 783 910 991 965; x_wconf 85' lang='lat' dir='ltr'>imaginem</span> <span class='ocrx_word' id='word_1_89' title='bbox 1021 914 1201 951; x_wconf 88' lang='lat' dir='ltr'>veterum</span> <span class='ocrx_word' id='word_1_90' title='bbox 1232 920 1386 951; x_wconf 89' lang='lat' dir='ltr'>morum</span> <span class='ocrx_word' id='word_1_91' title='bbox 1418 914 1683 964; x_wconf 86' lang='lat' dir='ltr'>proponeret.</span> 
     </span>
     <span class='ocr_line' id='line_1_13' title="bbox 147 976 1682 1035; baseline 0.001 -15"><span class='ocrx_word' id='word_1_92' title='bbox 147 976 331 1021; x_wconf 89' lang='lat' dir='ltr'>Comicus</span> <span class='ocrx_word' id='word_1_93' title='bbox 368 979 474 1022; x_wconf 91' lang='lat' dir='ltr'>enim</span> <span class='ocrx_word' id='word_1_94' title='bbox 505 992 586 1022; x_wconf 90' lang='lat' dir='ltr'>non</span> <span class='ocrx_word' id='word_1_95' title='bbox 615 980 744 1023; x_wconf 88' lang='lat' dir='ltr'>solum</span> <span class='ocrx_word' id='word_1_96' title='bbox 774 979 1028 1035; x_wconf 87' lang='lat' dir='ltr'>Euripidem,</span> <span class='ocrx_word' id='word_1_97' title='bbox 1057 979 1132 1021; x_wconf 90' lang='lat' dir='ltr'>sed</span> <span class='ocrx_word' id='word_1_98' title='bbox 1162 979 1280 1021; x_wconf 90' lang='lat' dir='ltr'>etiam</span> <span class='ocrx_word' id='word_1_99' title='bbox 1311 991 1464 1033; x_wconf 90' lang='lat' dir='ltr'>omnes,</span> <span class='ocrx_word' id='word_1_100' title='bbox 1496 981 1564 1034; x_wconf 89' lang='lat' dir='ltr'>qui</span> <span class='ocrx_word' id='word_1_101' title='bbox 1595 981 1682 1022; x_wconf 89' lang='lat' dir='ltr'>eius</span> 
     </span>
     <span class='ocr_line' id='line_1_14' title="bbox 146 1048 1683 1107; baseline -0.001 -14"><span class='ocrx_word' id='word_1_102' title='bbox 146 1049 393 1106; x_wconf 81' lang='lat' dir='ltr'>tragoedias,</span> <span class='ocrx_word' id='word_1_103' title='bbox 423 1063 513 1094; x_wconf 90' lang='lat' dir='ltr'>cum</span> <span class='ocrx_word' id='word_1_104' title='bbox 544 1064 671 1094; x_wconf 83' lang='lat' dir='ltr'>novas</span> <span class='ocrx_word' id='word_1_105' title='bbox 702 1050 848 1107; x_wconf 90' lang='lat' dir='ltr'>agendi</span> <span class='ocrx_word' id='word_1_106' title='bbox 887 1055 930 1093; x_wconf 93' lang='lat' dir='ltr'>et</span> <span class='ocrx_word' id='word_1_107' title='bbox 968 1048 1167 1093; x_wconf 90' lang='lat' dir='ltr'>sentiendi</span> <span class='ocrx_word' id='word_1_108' title='bbox 1208 1060 1371 1093; x_wconf 89' lang='lat' dir='ltr'>normas</span> <span class='ocrx_word' id='word_1_109' title='bbox 1412 1050 1683 1106; x_wconf 88' lang='lat' dir='ltr'>susciperent,</span> 
     </span>
     <span class='ocr_line' id='line_1_15' title="bbox 147 1118 1682 1176; baseline 0.001 -15"><span class='ocrx_word' id='word_1_110' title='bbox 147 1118 224 1163; x_wconf 90' lang='lat' dir='ltr'>illis</span> <span class='ocrx_word' id='word_1_111' title='bbox 253 1119 443 1176; x_wconf 83' lang='lat' dir='ltr'>Aeschyli</span> <span class='ocrx_word' id='word_1_112' title='bbox 473 1121 769 1175; x_wconf 82' lang='lat' dir='ltr'>praeferebant,</span> <span class='ocrx_word' id='word_1_113' title='bbox 798 1120 935 1163; x_wconf 88' lang='lat' dir='ltr'>ridere</span> <span class='ocrx_word' id='word_1_114' title='bbox 964 1121 1040 1162; x_wconf 89' lang='lat' dir='ltr'>sibi</span> <span class='ocrx_word' id='word_1_115' title='bbox 1070 1120 1294 1174; x_wconf 89' lang='lat' dir='ltr'>proposuit.</span> <span class='ocrx_word' id='word_1_116' title='bbox 1326 1120 1408 1163; x_wconf 86' lang='lat' dir='ltr'>Suo</span> <span class='ocrx_word' id='word_1_117' title='bbox 1438 1121 1564 1176; x_wconf 90' lang='lat' dir='ltr'>igitur</span> <span class='ocrx_word' id='word_1_118' title='bbox 1593 1122 1682 1163; x_wconf 90' lang='lat' dir='ltr'>iure</span> 
     </span>
    </p>
   </div>
   <div class='ocr_carea' id='block_1_3' title="bbox 72 1189 1682 1246">
    <p class='ocr_par' dir='ltr' id='par_1_3' title="bbox 72 1189 1682 1246">
     <span class='ocr_line' id='line_1_16' title="bbox 72 1189 1682 1246; baseline 0.001 -14"><span class='ocrx_word' id='word_1_119' title='bbox 72 1217 75 1220; x_wconf 37' lang='lat' dir='ltr'>v</span> <span class='ocrx_word' id='word_1_120' title='bbox 147 1190 324 1233; x_wconf 89' lang='lat' dir='ltr'>comicus</span> <span class='ocrx_word' id='word_1_121' title='bbox 354 1203 423 1243; x_wconf 90' lang='lat' dir='ltr'>ea,</span> <span class='ocrx_word' id='word_1_122' title='bbox 454 1197 621 1245; x_wconf 91' lang='lat' dir='ltr'>propter</span> <span class='ocrx_word' id='word_1_123' title='bbox 651 1205 754 1246; x_wconf 89' lang='lat' dir='ltr'>quae</span> <span class='ocrx_word' id='word_1_124' title='bbox 784 1191 977 1245; x_wconf 86' lang='lat' dir='ltr'>aequales</span> <span class='ocrx_word' id='word_1_125' title='bbox 1008 1189 1250 1246; x_wconf 80' lang='lat' dir='ltr'>Aeschylum</span> <span class='ocrx_word' id='word_1_126' title='bbox 1290 1190 1585 1246; x_wconf 81' lang='lat' dir='ltr'>vituperabant,</span> <span class='ocrx_word' id='word_1_127' title='bbox 1615 1189 1682 1234; x_wconf 89' lang='lat' dir='ltr'>vel</span> 
     </span>
    </p>
   </div>
   <div class='ocr_carea' id='block_1_4' title="bbox 146 1259 1681 1388">
    <p class='ocr_par' dir='ltr' id='par_1_4' title="bbox 146 1259 1681 1388">
     <span class='ocr_line' id='line_1_17' title="bbox 148 1259 1681 1317; baseline 0.001 -16"><span class='ocrx_word' id='word_1_128' title='bbox 148 1264 338 1303; x_wconf 86' lang='lat' dir='ltr'>extenuat</span> <span class='ocrx_word' id='word_1_129' title='bbox 369 1259 433 1302; x_wconf 88' lang='lat' dir='ltr'>vel</span> <span class='ocrx_word' id='word_1_130' title='bbox 472 1261 522 1303; x_wconf 90' lang='lat' dir='ltr'>ad</span> <span class='ocrx_word' id='word_1_131' title='bbox 559 1261 824 1305; x_wconf 87' lang='lat' dir='ltr'>extollendam</span> <span class='ocrx_word' id='word_1_132' title='bbox 855 1261 1046 1317; x_wconf 77' lang='lat' dir='ltr'>Aeschyli</span> <span class='ocrx_word' id='word_1_133' title='bbox 1086 1261 1274 1303; x_wconf 88' lang='lat' dir='ltr'>virtutem</span> <span class='ocrx_word' id='word_1_134' title='bbox 1304 1261 1444 1313; x_wconf 81' lang='lat' dir='ltr'>refert,</span> <span class='ocrx_word' id='word_1_135' title='bbox 1478 1261 1681 1317; x_wconf 88' lang='lat' dir='ltr'>Euripidis</span> 
     </span>
     <span class='ocr_line' id='line_1_18' title="bbox 146 1330 656 1388; baseline 0.008 -16"><span class='ocrx_word' id='word_1_136' title='bbox 146 1332 281 1373; x_wconf 84' lang='lat' dir='ltr'>autem</span> <span class='ocrx_word' id='word_1_137' title='bbox 311 1330 404 1373; x_wconf 86' lang='lat' dir='ltr'>vitia</span> <span class='ocrx_word' id='word_1_138' title='bbox 434 1331 656 1388; x_wconf 85' lang='lat' dir='ltr'>amplificat.</span> 
     </span>
    </p>
   </div>
  </div>
 </body>
</html>
