1982 3007
910 50 976 102 31

174 208 227 240 eo
254 194 408 239 ridiculi
438 198 530 239 sunt
560 193 648 250 visi,
679 191 789 249 quod
818 190 1001 250 plerique
1030 192 1185 237 illorum
1227 192 1333 236 vitae
1365 192 1520 235 ratione
1549 192 1708 236 habitu-

175 279 255 323 que
284 279 307 309 a
339 264 628 310 consuetudine
659 262 933 308 discedebant·
992 264 1163 308 Desides
1201 263 1383 306 homines
1423 269 1464 305 et
1502 264 1710 306 umbratici

175 334 426 393 putabantur,
445 326 524 392 'qui
555 333 695 378 studiis
735 333 873 390 pravis
915 333 1061 378 civitati
1100 333 1297 378 maximae
1342 338 1478 377 essent
1518 334 1711 390 perniciei

174 413 216 449 et
245 408 430 461 pietatem
471 407 510 449 in
551 406 652 448 deos
692 405 831 459 populi
861 411 1091 448 evertentes
1131 416 1237 447 nova
1277 405 1439 447 numina
1478 405 1712 447 inducerent

172 488 391 534 moresque
421 476 610 536 invenum
642 480 945 533 corrumperent
975 487 1132 531 eosque
1169 473 1220 517 ad
1249 473 1463 529 luxuriam,
1495 474 1710 530 mollitiem,

172 545 327 592 omnem
364 545 575 602 nequitiam
617 545 887 599 adducerent,
942 551 984 588 ut
1025 557 1159 600 neque
1200 545 1318 603 leges
1359 535 1492 599 neque
1532 547 1706 588 instituta

171 616 324 675 patriae
355 621 603 670 vererentur,
633 615 706 660 sed
736 615 1013 660 subrostranei
1044 620 1295 659 veteratores
1325 628 1371 658 ac
1400 615 1623 660 nebulones
1654 616 1703 659 li·

170 689 264 732 tium
294 691 434 732 essent
462 685 608 743 cupidi.
640 686 768 740 Quam
799 687 852 731 ob
889 699 1051 731 causam
1083 685 1373 743 Aristophanes
1404 686 1523 742 eique
1553 700 1706 744 aequa-

169 761 228 803 les
259 750 398 803 comici
422 758 487 807 ²⁴)
517 746 741 802 iam'valde
772 759 899 801 rident
930 764 1145 814 praecepta
1176 758 1444 813 Anaxagorae
1465 755 1525 807 ²³)
1558 764 1599 800 ct
1626 759 1704 801 im-

169 830 222 885 pii
264 828 466 885 Diagorae
492 824 562 876 ¹²⁶).
615 828 764 872 Eodem
812 828 932 871 modo
985 829 1094 872 Meto
1146 828 1507 874 mathematicarum
1561 830 1702 876 artium

167 900 334 956 peritus,
361 900 548 954 quoniam
579 899 669 942 illae
701 905 811 941 artes
842 899 1051 941 doctorum
1081 900 1390 941 umbraticorum
1427 898 1585 941 inutiles
1615 912 1706 941 mo-

165 968 357 1025 ribusque
387 970 639 1026 perniciosae
668 969 893 1013 hominihus
925 983 1077 1013 morum
1116 971 1306 1013 maiorum
1344 969 1549 1012 tenacibus
1586 970 1704 1014 vide-

168 1040 325 1094 bantur,
353 1039 517 1082 ridetur.
549 1038 608 1082 Cf.
640 1041 717 1082 Av.
749 1053 788 1083 v.
815 1040 900 1083 932
931 1053 1020 1095 seq.
1051 1040 1118 1084 Sic
1149 1039 1334 1082 Cratinus
1355 1040 1578 1094 Hipponem
1610 1040 1703 1095 phi-

169 1110 380 1164 losophum
410 1110 450 1151 in
480 1109 737 1160 Πανοπταῖς
765 1109 896 1152 fabula
925 1110 1046 1160 ridet,
1091 1122 1169 1164 qua
1200 1110 1331 1152 fabula
1374 1111 1536 1152 omnino
1566 1110 1705 1164 philo-

167 1178 334 1235 sophos,
364 1181 431 1235 qui
463 1171 592 1223 om'nia
622 1179 867 1236 investigare
909 1184 949 1224 et
989 1180 1226 1235 perspicere
1256 1178 1430 1231 vellent,
1459 1178 1608 1223 lusisse
1638 1182 1705 1223 vi-

167 1248 284 1292 detur
309 1246 377 1300 ⁶²⁷).
409 1249 679 1293 Acerbissime
710 1249 935 1305 sophistas,
967 1251 1033 1305 qui
1064 1262 1200 1293 rerum
1242 1248 1464 1292 sublimium
1495 1256 1705 1292 meteoro-

163 1332 332 1375 rumque
371 1320 685 1377 investigatores
729 1315 885 1363 ridiculi
934 1334 982 1364 ac
1023 1320 1217 1377 loquaces
1267 1320 1492 1363 nebulones
1535 1321 1704 1364 iuvenes

166 1389 332 1433 fallaces
363 1391 521 1433 dicendi
559 1396 668 1433 artes
710 1390 880 1433 doceant
918 1392 1116 1447 legesque
1156 1396 1472 1447 contorquentes
1523 1392 1705 1445 efficiant,

163 1465 206 1503 ut
224 1460 365 1503 iniuria
386 1461 474 1503 iure
496 1461 547 1503 sit
567 1462 770 1516 superior,
790 1461 937 1517 talique
955 1462 1074 1504 modo
1096 1462 1171 1505 sibi
1194 1461 1347 1504 divitias
1370 1468 1605 1517 comparent
1623 1462 1702 1516 ²⁸),

163 1536 309 1573 notant.
361 1531 426 1573 Sic
455 1529 621 1585 Eupolis
652 1531 691 1571 in
723 1531 863 1572 Corvis
904 1531 1103 1586 sophistas
1143 1533 1403 1588 inprimisque
1443 1532 1703 1589 Protagoram

163 1597 326 1653 inducit,
354 1599 458 1641 bona
491 1599 653 1651 Calliae,
685 1611 803 1655 quem
834 1600 1127 1645 adulationibus
1158 1602 1234 1645 sibi
1265 1601 1595 1656 conciliaverunt,
1626 1602 1704 1645 ab-

162 1668 410 1724 ligurientes.
444 1669 547 1711 Dicit
577 1668 629 1711 de
661 1670 905 1726 Protagora:

441 1733 592 1781 ἔνδοθι
620 1735 697 1794 μέν
727 1734 823 1784 ἐστι
853 1735 1147 1799 Πρωταγόρας
1177 1733 1202 1785 ὁ
1238 1732 1381 1801 Τήιος,

439 1800 485 1859 ὃς
520 1801 827 1863 ἅλαζονεύεται
855 1809 932 1867 μὲν
962 1805 1184 1870 ἁλιτήριος
1213 1810 1310 1870 περὶ
1340 1810 1424 1855 τῶν

436 1873 676 1937 μετεώρων,
706 1875 763 1925 τά
793 1878 845 1925 δὲ
873 1875 1076 1937 χαμάθεν
1106 1879 1251 1927 ἐσθίει
1276 1882 1353 1933 ²⁹).

164 1949 456 2005 Aristophanes
486 1950 526 1992 in
559 1950 786 2006 Tagenistis
818 1953 1019 2007 sophistas
1050 1954 1111 1996 sic
1140 1953 1275 1996 ridet:-

236 2179 406 2248 2⁴)*Jami
432 2181 536 2216 schol.
563 2181 647 2217 Nub.
675 2193 708 2217 ν.
733 2182 803 2221 963
838 2184 1007 2244 πρῶτον
1044 2183 1121 2242 μὲν
1160 2180 1242 2244 γάρ
1271 2181 1466 2243 Δίφιλος
1504 2180 1568 2235 εἷς
1599 2180 1704 2227 Βοί-

165 2238 243 2282 δαν
271 2254 345 2313 rev
389 2236 634 2312 φιλόσοφον
671 2236 908 2311 ὁλῖόκληρον
945 2243 1146 2301 συνέταξε
1175 2241 1364 2304 ποίημα,
1395 2235 1508 2287 διὀὗ
1538 2241 1611 2287 καὶ
1641 2239 1703 2295 εἷς

166 2298 360 2365 doust-{lav
391 2298 668 2401 ε’ἵὸυπαίνξτο
700 2317 724 2345 ο
753 2301 1006 2370 φιλόᾳοφος,
1038 2306 1171 2370 Vereor
1195 2315 1239 2368 ue
1263 2315 1324 2348 pro
1351 2301 1541 2359 Δίφιλος
1580 2302 1704 2348 legen·-

166 2355 244 2391 dum
269 2362 311 2391 sit
332 2361 416 2402 My
440 2338 529 2412 ²09,
560 2368 618 2406 qui
643 2360 794 2405 aequalis
819 2361 1020 2408 Epicharmo
1045 2363 1160 2398 floruit
1183 2373 1274 2397 circa
1299 2359 1351 2399 ΟΙ.
1377 2361 1434 2396 73.

234 2429 296 2472 25)
318 2428 369 2466 Cf.
394 2428 529 2465 Thesm.
554 2442 588 2466 v,
613 2431 740 2468 5-25,
765 2432 851 2470 Nub.
877 2432 1076 2470 310—400.

232 2498 296 2543 26)
321 2497 373 2537 cf.
398 2499 461 2535 Av.
486 2511 519 2537 v.
549 2499 651 2538 1072.
674 2501 760 2538 Rau.
786 2502 857 2538 320
881 2514 953 2550 seq.
979 2503 1103 2551 Bergk.
1130 2503 1152 2542 Ι.
1176 2503 1195 2538 l.
1223 2514 1259 2549 p.
1288 2500 1354 2540 169
1378 2511 1455 2547 seq.

232 2559 299 2603 27)
324 2557 376 2597 cf.
400 2559 506 2595 schol.
532 2560 575 2595 ad
599 2559 686 2598 Nub.
712 2572 744 2598 ν.
768 2560 826 2607 96,
852 2574 919 2611 quo
945 2563 966 2600 1.
991 2574 1053 2609 pro
1079 2562 1215 2598 Cratete
1248 2561 1372 2598 Cratini
1405 2571 1532 2596 nomen
1568 2566 1619 2596 est
1643 2572 1703 2596 re-

165 2618 367 2661 ponendum.
393 2617 444 2656 Cf.
470 2618 552 2654 Nub.
576 2630 609 2657 v.
633 2618 787 2656 95—98.

234 2675 299 2721 28)
324 2675 376 2714 Cf.
400 2678 577 2714 Welcker:
604 2679 649 2715 de
673 2678 818 2715 Prodico
843 2679 915 2717 Ceo
940 2679 1120 2724 (Kleinere
1144 2679 1241 2716 Schr.
1266 2679 1308 2725 11,
1332 2692 1365 2726 p.
1391 2678 1460 2715 ⁴12
1483 2679 1587 2726 σαψ).

235 2733 298 2777 29)
323 2734 419 2783 Diog.
444 2736 469 2771 L
503 2736 560 2782 tx,
580 2738 636 2775 50.
663 2737 807 2775 Meinek.
833 2739 871 2776 fr.
897 2750 983 2778 com.
1007 2750 1042 2786 p.
1071 2737 1134 2777 187
1160 2750 1235 2787 seq.
