1982 3007
925 64 990 118 lo

303 198 353 240 Et
382 199 422 240 in
454 200 621 255 singulis
652 201 787 243 verbis
826 206 868 243 et
912 202 951 243 in
992 206 1073 242 tota
1112 205 1197 242 arte
1239 202 1393 256 tragica
1435 203 1612 259 gravitas
1642 203 1729 245 eius

185 269 374 311 cernitur.
405 269 566 312 Summa
598 271 756 312 dicendi
787 271 979 326 dignitate
1020 276 1062 313 et
1100 271 1297 327 gravitate
1329 271 1477 324 utitur,
1508 274 1624 327 quasi
1662 278 1729 314 to-

186 352 285 382 nans
332 340 372 381 in
410 339 682 383 adversarium
735 340 938 384 invehitur
979 334 1305 400 (ἐριβρεμέτας,
1346 353 1383 383 ν.
1425 339 1558 395 814);
1596 343 1730 387 verbis

185 411 431 465 gravissimis
453 412 565 465 quasi
587 408 805 463 ssuviis²⁹)‚
826 411 1005 469 turgidis„
1019 414 1083 462 (ν.
1103 412 1209 457 8¹8:
1233 403 1474 471 ὕψιλόφοις
1490 407 1637 468 λόγοις
1653 415 1730 467 ³⁰),

185 476 347 539 ῥήμασι
377 476 720 536 ἱπποβάμοσιν),
750 472 954 535 strepitum
987 495 1035 525 ac
1074 481 1280 540 fragorem
1313 482 1521 526 edentibus
1552 488 1595 527 et
1623 489 1728 528 tam-

187 565 304 607 quam
346 553 470 594 clavis
510 553 645 595 affictis
688 555 750 602 [v.
791 550 899 594 824:
948 547 1120 610 ῥήματα
1169 551 1454 614 γομφοπαγῆ,
1493 548 1728 613 πινακηδὸν

186 617 397 665 οἷποσπῶν
439 618 609 679 γηγένει
650 618 898 681 φυσήματι)
935 622 1132 665 interdum
1176 624 1291 665 nimis
1331 624 1468 676 duris,
1510 617 1585 666 sed
1624 636 1729 678 quae

187 693 364 734 moribus
419 693 609 748 Aeschyli
653 695 909 745 conveniant,
952 693 1106 736 fabulas
1147 705 1241 735 suas
1294 700 1412 737 ornat
1435 691 1507 744 ³¹).
1568 693 1729 736 Talibus

185 763 308 820 igitur
350 764 486 806 verbis
529 766 645 819 quasi
683 765 834 806 truncis
876 777 899 805 e
931 770 1039 806 terra
1083 763 1262 817 evulsis,
1296 764 1361 816 ubi
1403 777 1492 807 cum
1522 764 1571 807 iis
1600 764 1730 817 irruit,

188 834 354 888 dissipat
385 834 645 877 adversarios
663 836 736 886 32).
780 834 906 884 Quam
939 834 1079 876 obrem
1111 834 1264 876 choruss
1304 834 1547 890 Aeschylum
1588 834 1731 887 laudat,

187 906 297 960 quod
328 907 478 960 primus
511 906 757 962 tragoediam
789 906 837 949 ad
869 919 1064 949 summum
1088 905 1293 962 dignitatis
1323 897 1491 962 gradum
1523 905 1731 962 perduxe-

185 977 252 1027 rit,
282 989 322 1019 v.
354 976 492 1019 1004:

214 1063 311 1113 ἄλλ’
342 1062 378 1112 ὦ
407 1068 579 1126 πρῶτος
609 1068 693 1112 τῶν
721 1062 923 1128 Ἑλλήνων
953 1062 1191 1127 πυργώσας
1220 1065 1393 1128 ῥήματα
1424 1066 1558 1125 σέμνα

215 1136 289 1185 καὶ
318 1136 539 1200 κοσμήσας
569 1133 768 1198 τραγικόν
798 1136 941 1199 λῆρον,
971 1137 1149 1200 θαρῤὦν
1187 1133 1262 1184 τᾶν
1291 1133 1467 1198 κρουνὸν
1495 1132 1619 1198 ἀφίει
1631 1136 1700 1196 ³⁸).

188 1237 438 1291 Quamquam
488 1249 611 1291 saepe
661 1238 808 1278 iustum
866 1236 1028 1278 modum
1077 1235 1260 1285 excedit,
1310 1232 1572 1289 quamobrem
1608 1234 1732 1277 Euri-

189 1308 302 1361 pides
353 1308 602 1364 tragoediam
654 1307 846 1361 Aeschyli
897 1306 1170 1362 magnitudine
1219 1307 1323 1349 inani
1364 1310 1520 1347 vastam
1561 1304 1656 1348 dicit
1694 1317 1735 1346 v.

189 1378 297 1421 940:
352 1374 557 1422 οἰδοῦσαν
607 1370 697 1421 ὑπὸ
748 1370 1069 1432 κομπασμάτων
1130 1370 1202 1419 καὶ
1250 1368 1449 1435 ῥημάτων
1510 1370 1735 1429 ἐπαχθῶν.

186 1450 306 1492 Notat
346 1462 450 1501 eum,
491 1448 599 1503 quod
636 1461 717 1491 non
761 1449 889 1501 dicat,
922 1453 966 1489 ut
1006 1447 1204 1488 hominem
1249 1447 1408 1498 deceat,
1447 1445 1518 1486 sed
1550 1450 1624 1488 tam
1655 1446 1734 1486 im-

188 1521 367 1563 manibus
402 1520 573 1562 vocibus
614 1524 772 1571 utatur,
812 1524 855 1563 ut
892 1519 999 1561 tauri
1040 1530 1137 1561 esse
1190 1517 1400 1560 videantur
1422 1516 1487 1567 84)
1528 1516 1588 1565 (v.
1626 1512 1736 1561 9⁴24:

187 1585 342 1649 ῥήματ’
391 1583 444 1632 ἂν
493 1584 622 1643 βόεια
662 1584 815 1631 δώδεκ’
863 1579 1003 1640 εἶπεν,
1044 1580 1187 1644 ὀφρῦς
1229 1584 1385 1640 ἔχοντα
1424 1582 1498 1628 καὶ
1539 1579 1736 1643 λόφους),

260 1824 324 1866 29)
351 1825 387 1859 V.
411 1824 478 1859 881
506 1823 668 1867 Aeschyli
692 1821 798 1855 verba
823 1821 978 1855 dicuntur
1001 1813 1155 1878 ῥήματ’
1188 1817 1317 1873 ἐπῶν,
1349 1822 1442 1863 puto,
1466 1818 1646 1864 legendum
1663 1827 1740 1853 m

189 1878 363 1946 ρώματ’
395 1881 523 1928 ἐπῶν.

262 1967 331 2013 80)
353 1966 470 2001 Lectio
502 1959 737 2027 ὖψιλόφων
768 1957 993 2007 praeferenda
1017 1964 1071 1994 est
1096 1959 1193 1993 alteri
1217 1954 1486 2018 ἱππολόφων.

263 2052 326 2093 31)
353 2050 504 2096 Egregie
530 2055 629 2094 poeta
656 2060 689 2085 v.
715 2045 880 2082 815—24
905 2042 1067 2088 Aeschyli
1093 2043 1295 2088 gravitatem
1325 2047 1359 2076 et
1383 2041 1551 2086 Euripidis
1576 2041 1739 2077 subtilita-

192 2117 259 2146 tem
286 2110 457 2145 describit.

263 2182 328 2223 32)
355 2181 394 2215 V·
422 2179 492 2215 903
517 2188 610 2225 seqz
645 2174 919 2235 (προσδοκᾶν
949 2167 1024 2217 οὖν
1054 2166 1173 2221 εἰκός
1206 2169 1322 2221 ἐστι)

222 2234 296 2285 τὸν
329 2233 716 2286 δὀἷνασπῶντἾεο.
748 2230 995 2289 Αἰσχύλον)
1028 2226 1340 2287 αὐτοπρέμνοις
1369 2229 1462 2280 τοῖς
1490 2225 1678 2286 λόγοισιν

224 2295 472 2357 ἐμπεσόντα
503 2295 713 2341 συσκεδᾶν
744 2288 913 2344 πολλᾰς
943 2283 1214 2347 ἀλινδήθρας
1245 2286 1376 2331 ἐπῶν.

265 2382 328 2419 33)
354 2380 615 2425 Aristophanem
641 2377 792 2423 sequitui·
818 2375 993 2419 Antipater
1018 2371 1153 2407 Anthol.
1180 2369 1250 2413 111„
1277 2369 1341 2413 253
1366 2369 1422 2407 28.
1456 2368 1605 2407 moneor.
1628 2369 1743 2417 Epigr.

195 2440 277 2486 vll,
302 2442 383 2476 411.

266 2515 331 2554 34)
357 2512 407 2547 Ex
432 2510 598 2546 sententia
624 2509 754 2544 illorum
780 2507 837 2553 qui
866 2504 1074 2550 Aeschylum
1100 2512 1215 2547 parum
1251 2498 1461 2547 intelligunt,
1486 2498 1665 2544 Euripides
1690 2499 1745 2533 di-

194 2574 242 2607 ci!
273 2584 305 2608 v.
331 2571 401 2608 835
433 2580 523 2615 seq.:
550 2560 694 2638 ἐγῷδα
724 2564 877 2610 τοῦτον
908 2561 979 2608 καὶ
1009 2559 1246 2616 διέσκεμμα
1276 2552 1413 2605 πάλαι

549 2624 783 2684 ἄνθρωπον
814 2617 1083 2683 οἷγριοποιόν,
1114 2611 1457 2687 αὖᾷαρὁτομον
1486 2670 1495 2686 l

551 2683 684 2740 ἔχοντ’
715 2676 918 2740 ἀχάλινον
948 2675 1133 2742 ἀκρατὲς
1162 2676 1390 2730 απυλωτον
1419 2688 1558 2730 στομα

549 2738 868 2802 ἅπεριλάλητον
899 2730 1416 2797 κομποφακελορρήμονα.

1956 1547 1982 1558 .,,
