1982 3007
920 112 990 162 42

184 251 299 302 parte
329 246 384 289 illi
415 248 558 305 tragici
589 254 706 293 erant
732 249 951 294 iudicandi.
981 251 1117 308 ltaque
1147 250 1318 305 comico,
1346 251 1622 310 nti-gineu
1649 251 1729 296 de—

183 322 388 372 pravatam
430 331 695 374 personarum
736 326 881 376 posset
910 333 1169 380 proponere,
1199 321 1354 365 duabu
1392 323 1603 378 qimam
1628 335 1726 380 par-

183 389 320 442 sonis‚
350 400 520 443 quarum
558 391 695 446 poesis
731 392 792 435 sic
832 397 946 436 esset
974 393 1173 448 instituta,
1202 398 1246 437 ut
1282 391 1622 438 iustumssmodum
1649 393 1729 437 ah-

183 472 297 513 quam
350 461 390 502 in
443 467 596 515 partem
647 462 883 506 excederet.
935 463 1068 518 Atque
1116 476 1207 507 curn
1254 463 1503 507 madiam
1550 469 1728 511 veterem

182 530 354 573 maxime
383 530 433 573 ad
463 531 750 587 rempublicam
782 538 967 589 spectare
996 533 1328 587 intellexerimus3
1357 539 1501 591 poetas
1521 533 1621 577 tales
1647 540 1729 578 eo·

182 599 305 642 micus
335 613 412 642 suo
443 601 531 643 iure
563 602 732 655 induxit,
774 605 843 658 qui
870 605 910 646 in
941 604 1085 647 fabulis
1116 616 1138 646 a
1169 604 1292 647 rebus
1323 604 1492 660 publicis
1521 615 1618 647 sese
1645 615 1728 646 non
1814 604 1823 619 '

181 669 299 725 plane
329 670 591 714 abstinerent.
644 672 755 723 Quae
794 686 883 717 cum
926 674 978 716 ita
1018 674 1120 726 sint,
1152 673 1448 730 Aristophanes
1489 685 1568 717 non
1600 674 1729 730 potuit

182 752 382 795 personas
426 741 476 783 ad
518 743 770 786 comoediam
808 746 990 800 aptiores
1036 744 1220 801 eligere,
1250 756 1367 799 quam
1408 744 1651 801 Aeschylum
1685 750 1729 787 et

181 811 437 866 Euripidem,
469 816 537 865 ut,
568 824 685 866 quam
716 814 796 855 vim
827 815 866 855 in
896 814 1141 869 reipublicae
1171 818 1316 857 statum
1354 821 1622 869 exercerent,
1651 827 1729 858 ce·-

181 882 282 924 inice
312 888 557 938 exponeret.

297 952 531 1009 Aeschylus
570 954 698 1006 enim,
745 954 813 1009 qui
864 954 933 997 illo
975 961 1159 1012 tempore
1199 961 1367 999 aetatem
1412 956 1604 1014 degebat,
1645 968 1726 1012 que

180 1025 324 1068 Graeci
354 1037 496 1068 omnes
527 1025 798 1083 magnitudine
838 1027 955 1069 animi
994 1033 1035 1070 et
1075 1028 1220 1071 virtute
1251 1028 1425 1081 excelsi,
1454 1040 1626 1072 summas
1654 1039 1727 1072 res

178 1096 441 1152 perficiebant
480 1097 651 1153 sibique·
672 1097 937 1141 immortalem
987 1098 1197 1155 pariebant
1243 1098 1439 1157 gloriam,
1477 1098 1727 1157 tragoedias,

179 1181 285 1223 quae
317 1168 384 1211 tali
415 1168 561 1210 civium
592 1170 724 1211 animo
766 1170 1054 1222 convenirent,
1085 1171 1326 1225 conscripsit
1346 1169 1428 1221 ⁵⁸).
1478 1169 1635 1213 Pindari
1663 1170 1726 1214 εἰ·

179 1238 279 1281 milis
309 1239 546 1295 gravitatem
577 1240 750 1283 maxime
780 1240 892 1295 petit,
923 1238 1177 1296 quamquam
1195 1241 1310 1283 etiam
1333 1240 1490 1294 lenitas,
1519 1241 1555 1284 si
1581 1244 1726 1297 poetae

178 1310 243 1353 illa
274 1322 378 1365 opus
408 1317 485 1363 est,
530 1324 621 1353 eum
653 1323 733 1352 non
765 1311 899 1354 delicit
929 1313 1237 1366 tenerrimisque
1268 1312 1523 1356 sermonibus
1551 1312 1627 1354 scit
1655 1312 1726 1364 eti,

178 1386 221 1423 ut
250 1381 493 1424 Eumenides
524 1386 567 1424 et
595 1393 723 1424 voces
753 1381 843 1423 illae
872 1382 1115 1424 tenerrimae
1152 1382 1305 1425 Oceani
1344 1381 1512 1424 filiarum
1550 1382 1589 1424 in
1619 1381 1724 1425 Pro-

178 1452 340 1495 metheo
362 1452 593 1495 ostendunt.
625 1452 703 1496 Sed
733 1457 820 1495 utut
844 1457 920 1506 est,
942 1452 1137 1508 grandem
1168 1452 1405 1495 cothurnum
1426 1453 1596 1498 maxime
1614 1452 1724 1496 adhi-

177 1524 245 1566 bet
265 1529 305 1566 et
326 1522 484 1566 Phidiae
505 1522 558 1565 illi
579 1522 876 1578 comparandus
908 1528 983 1574 est,
1012 1524 1126 1566 cuius
1147 1529 1283 1566 artem
1305 1524 1345 1566 iu
1365 1523 1474 1566 illum
1494 1524 1572 1566 vim
1593 1533 1722 1566 exer-

177 1595 312 1637 cuisse
333 1594 449 1636 etiam
472 1606 525 1636 ex
547 1594 634 1636 eius
648 1593 870 1651 tragoediis
892 1594 1166 1651 cognescitur.
1188 1594 1304 1644 Quae
1318 1594 1500 1651 gravitas
1518 1593 1722 1637 semoni-

176 1664 252 1707 bus
265 1665 519 1719 maximeque
541 1664 675 1706 choris
696 1675 821 1718 saepe
835 1676 957 1719 supra
979 1664 1139 1706 modum
1155 1665 1338 1706 extensis
1359 1664 1579 1719 conspicua
1599 1663 1719 1708 etiam

175 1737 355 1778 cernitur
383 1737 423 1777 in
457 1736 668 1790 personis,
699 1747 803 1789 quas
844 1741 1013 1792 agentes
1054 1735 1223 1789 inducit,
1255 1747 1359 1789 quae
1399 1734 1571 1777 animum
1600 1732 1721 1778 belli-

175 1818 315 1848 cosum
347 1806 547 1861 spirantes
577 1806 784 1862 gigantum
816 1806 996 1860 speciem
1027 1818 1126 1861 prae
1156 1818 1204 1849 se
1224 1805 1359 1848 lerunt
1378 1809 1420 1847 et
1438 1808 1578 1847 eontra
1597 1802 1721 1846 fatum

175 1876 272 1919 illud
313 1876 489 1919 divinum
529 1877 708 1931 ipsorum
749 1875 997 1919 facinoribus
1050 1875 1289 1932 productum
1338 1879 1564 1932 pugnantes
1605 1873 1724 1916 animi

175 1947 487 2005 magnitudinem
517 1947 704 2004 probant,
735 1948 920 2003 quamvis
954 1958 1080 2003 saepe
1110 1946 1270 1989 modum
1301 1944 1526 1999 excedant,
1555 1949 1600 1987 ut
1629 1956 1723 1986 mu-

173 2018 296 2060 lieres
336 2018 554 2072 Aeschyli,
593 2030 699 2072 quae
740 2018 790 2059 ad
831 2023 1016 2060 naturam
1065 2019 1241 2059 virorum
1294 2016 1463 2072 propius
1512 2014 1722 2067 accedunt,

175 2088 406 2132 ostendunt.
467 2089 641 2131 Fabulae
682 2089 940 2145 Aeschyleae
980 2088 1154 2145 produnt
1193 2087 1323 2131 virum
1365 2086 1626 2140 bellicosum,
1654 2086 1722 2143 qui

173 2159 260 2215 ipse
305 2159 469 2202 suminis
507 2159 631 2202 rebus
668 2159 849 2203 interfuit
872 2156 937 2207 ⁵⁹).
999 2158 1219 2201 Persectam
1260 2157 1440 2214 speciem
1480 2157 1637 2199 virtutis
1678 2157 1718 2199 in

174 2231 318 2274 fabulis
350 2231 549 2285 proponit.
609 2231 672 2273 Ex
701 2236 823 2287 gente
860 2230 1166 2286 Eupatridarum
1196 2229 1495 2273 Eleusiniorum
1526 2227 1722 2285 originem

175 2300 328 2344 ducens
359 2301 577 2345 sententias
607 2300 767 2344 illorum
808 2306 946 2344 contra
977 2301 1134 2344 nimiam
1178 2300 1402 2343 libertatem
1434 2297 1623 2342 defendit.
1683 2298 1720 2341 A

244 2559 307 2601 58)
334 2557 386 2594 cf.
411 2557 450 2595 0.
475 2559 611 2594 Manen-z
636 2557 756 2593 Gesch.
781 2557 814 2593 d.
841 2556 896 2591 Gr.
922 2556 985 2593 Lit.
1009 2554 1052 2600 ΙΙ,
1082 2555 1134 2592 10.
1193 2584 1195 2587 ,

244 2630 306 2672 59)
333 2631 472 2677 Pugnae
498 2630 543 2664 ad
569 2629 798 2665 Marathonem
825 2628 915 2664 illum
943 2626 1099 2670 affuisse,
1124 2632 1289 2663 testantur
1314 2627 1442 2662 Paua-n
1484 2630 1518 2661 ct
1547 2629 1634 2660 auct.
1660 2625 1719 2661 vit.

173 2689 297 2725 Aesch.
321 2688 415 2724 Illum
442 2689 541 2723 etiam
569 2688 659 2733 apud
684 2688 855 2723 Salamina
880 2697 1064 2733 pugnasse,
1088 2685 1149 2721 lon
1174 2688 1208 2721 in
1233 2684 1486 2745 ἐπιδημίας
1531 2684 1633 2719 docet
1675 2684 1720 2721 cf.

173 2750 279 2787 schol.
304 2749 396 2783 Pers.
423 2760 455 2784 v.
487 2747 563 2784 129.
589 2746 689 2787 Quod
714 2747 835 2782 frustra
860 2748 1033 2793 impugnat
1056 2745 1200 2781 Ritterus
1226 2745 1301 2781 Did.
1336 2755 1434 2790 opus.
1459 2754 1493 2789 p.
1522 2741 1598 2780 ¹58.
1644 2741 1718 2780 hm

173 2806 310 2844 indoles
334 2805 519 2842 tabularum
544 2804 627 2841 illud
649 2805 860 2850 comprobat.
887 2803 939 2840 Cf.
963 2803 1065 2849 Gorg.
1090 2814 1143 2848 ap.
1169 2803 1254 2843 Plut.
1278 2802 1416 2844 Quaest.
1439 2801 1556 2848 Symp.
1570 2800 1644 2847 vu,
1663 2802 1719 2839 10.
